3108 4902
303 337 365 397 206
728 333 867 390 conradus
884 332 1023 389 dichorius

303 510 379 577 anni
395 510 467 592 390,
490 513 718 576 commemorat
731 507 848 574 ldacer.
881 506 988 589 Atque
1009 507 1173 589 utriusque
1194 504 1256 570 uiri
1271 502 1359 587 apud
1375 502 1448 569 Ida·

303 613 384 679 tium
404 614 490 696 (323,
513 612 584 695 326,
607 611 681 687 403)
711 630 774 676 non
796 610 899 675 solum
921 608 1008 675 idem
1036 612 1142 675 exstat
1169 602 1363 690 cognomen,
1391 603 1449 672 sed

304 715 403 781 etiam
432 711 544 780 eadem
571 712 701 779 insolitu
728 711 830 777 forma
857 744 900 756 -
927 710 1054 777 Poenus
1082 729 1141 793 pro
1169 708 1279 776 Penne
1305 741 1347 753 —
1375 727 1447 791 per·

304 817 465 901 scriptum.

388 916 521 982 Maximi
543 913 662 982 deinde
682 915 834 981 momenti
856 912 936 979 mihi
949 911 1077 979 uidetur
1091 931 1172 996 esse,
1193 911 1281 995 quod
1295 913 1372 978 amri
1387 915 1449 977 319

305 1019 461 1101 consules,
483 1017 519 1084 (t.
534 1017 663 1100 Iulium,
685 1017 721 1082 L.
736 1016 933 1100 Verginium,
951 1034 1031 1098 quos
1046 1019 1173 1098 praeter
1187 1013 1449 1082 consuetudinem

305 1120 431 1186 omissis
464 1119 704 1203 cognominibus
737 1117 907 1202 perhibent
934 1116 1046 1184 Liuius
1072 1116 1275 1201 Idatiusque,
1308 1118 1450 1184 Macrum

305 1241 432 1306 quoque
454 1221 524 1288 sine
546 1220 787 1305 cognominibus
809 1219 960 1286 habuisse
983 1238 1024 1286 ex
1052 1221 1231 1302 fragmento
1255 1222 1294 1282 14
1323 1219 1403 1294 (Liu.
1420 1223 1450 1303 4,

304 1325 357 1402 23)
380 1324 493 1390 elucet.
501 1325 523 1401 ¹)

389 1422 512 1502 Quibus
527 1423 688 1491 decausis
709 1422 798 1489 haud
820 1422 1075 1507 improbabiliter
1088 1421 1167 1487 mihi
1182 1421 1296 1489 uideor
1310 1427 1451 1489 statuere

304 1526 446 1599 Macrum
475 1531 653 1608 auctorem,
684 1544 726 1592 cx
754 1545 818 1608 quo
846 1525 945 1592 fastos
973 1544 1048 1592 suos
1075 1526 1269 1608 sumpserint
1296 1544 1337 1591 ex
1357 1530 1450 1607 parte

303 1628 415 1694 Liuius
437 1647 476 1692 ac
497 1627 689 1711 Dionysius,
717 1631 801 1693 totos
824 1626 897 1710 ille,
927 1624 970 1692 ad
997 1645 1092 1709 quem
1119 1625 1254 1693 redeunt
1274 1626 1395 1693 Idatius
1417 1632 1452 1692 et

305 1727 486 1796 chronicon
501 1727 669 1795 Paschale.
713 1726 786 1806 Qua
806 1748 884 1795 uero
906 1728 1029 1795 ratione
1051 1729 1082 1794 ei
1104 1747 1183 1812 quos
1205 1728 1343 1812 legimus
1364 1727 1452 1813 apud

304 1830 443 1898 Idatium
466 1831 540 1898 fasti
563 1850 605 1897 ex
626 1830 734 1898 Macro
757 1831 821 1897 sint
843 1830 1007 1914 exscripti,
1028 1835 1084 1896 aut
1105 1849 1162 1914 per
1184 1851 1263 1915 quos
1285 1836 1318 1897 et
1340 1831 1451 1913 quales

303 1939 451 2001 auctores
473 1932 516 2000 ad
537 1933 643 2017 ipsum
664 1951 864 2000 communem
885 1930 982 1998 Idatii
1004 1931 1216 2016 Chronicique
1238 1933 1359 2000 fontem
1379 1951 1451 2016 per·
1537 1980 1538 2005 2

304 2037 460 2118 uenerint,
482 2054 613 2118 prorsus
635 2040 684 2101 est
705 2035 870 2100 incertum.

390 2135 514 2215 Quodsi
534 2155 649 2202 reuera
669 2155 733 2203 non
755 2137 820 2202 iam
842 2140 915 2202 sunt
936 2134 1078 2202 habendi
1099 2136 1174 2202 fasti
1187 2135 1285 2202 Idatii
1302 2157 1362 2221 pro
1385 2138 1452 2221 epi·

304 2245 393 2305 toma
412 2237 559 2305 laterculi
580 2237 769 2321 Capitolini,
792 2237 850 2305 sed
871 2238 1034 2322 propriam
1056 2238 1276 2322 integramque
1299 2238 1454 2306 exhibent

304 2340 536 2423 recensionem,
559 2359 681 2406 summa
702 2340 767 2406 illis
789 2339 960 2406 tribuenda
982 2345 1030 2407 est
1051 2341 1233 2423 auctoritas,
1256 2341 1378 2424 quippe
1397 2342 1454 2425 qui

305 2443 366 2510 soli
386 2441 519 2526 plenum
533 2441 722 2525 antiquioris
736 2442 931 2509 recensionis
947 2443 1112 2509 consulum
1126 2441 1265 2509 indicem
1279 2449 1453 2526 praestent,

305 2565 377 2612 cum
392 2545 504 2612 Liuius
520 2549 552 2611 et
566 2544 742 2628 Dionysius
756 2566 821 2611 non
835 2545 899 2611 nisi
919 2545 1031 2629 paucis
1045 2545 1126 2617 locis
1149 2547 1248 2612 fastos
1269 2545 1343 2611 illos
1360 2545 1455 2613 libris
1536 2594 1537 2605 ,

305 2648 372 2714 suis
394 2647 598 2714 intexuerint.
630 2647 737 2729 Atque
759 2646 802 2712 ad
823 2646 909 2711 Liuii
928 2646 1141 2729 Dionysiique
1163 2646 1362 2731 potissimum
1383 2647 1455 2714 ion·

304 2754 354 2815 tes
377 2746 576 2814 deliniendos
604 2748 681 2814 satis
710 2748 820 2814 ualido
842 2747 1027 2814 adiumento
1049 2747 1197 2816 adhiberi
1219 2767 1314 2833 posse
1337 2769 1455 2818 censeo

304 2849 405 2916 fastos
430 2848 604 2915 Idatianos.
648 2849 713 2916 Ubi
742 2850 826 2915 enim
855 2851 1088 2917 consentientes
1116 2852 1316 2918 inueniemus
1343 2858 1457 2920 contra

306 2956 483 3018 ceterorum
512 2956 677 3017 auctorum
704 2951 887 3018 testimonia
915 2956 971 3018 aut
999 2953 1033 3017 in
1058 2953 1172 3036 positis
1194 2955 1304 3020 autin
1326 2955 1456 3022 omissis

306 3054 471 3120 consulum
493 3053 735 3136 cognominibus
757 3052 884 3119 Liuium
906 3059 938 3119 ct
959 3053 1151 3138 Dionysium
1173 3075 1246 3122 eum
1266 3054 1388 3140 idatio,
1411 3054 1456 3123 de

305 3154 414 3221 Macro
437 3155 524 3220 fonte
545 3156 710 3238 utriusque
733 3155 951 3239 cogitauerim.

391 3257 540 3339 Exempli
575 3276 672 3323 causa
709 3257 766 3322 ubi
807 3257 981 3342 Dionysius
1014 3257 1151 3325 eundem
1182 3257 1330 3326 uideatur
1363 3261 1457 3343 sequi

393 3494 418 3556 1)
435 3487 508 3543 Anni
527 3492 577 3543 320
594 3488 710 3545 Idalium
727 3490 794 3545 alios
812 3490 912 3545 habere
930 3493 1054 3547 consules
1072 3496 1154 3561 atque
1170 3492 1296 3548 Macrum
1311 3493 1385 3548 haud
1402 3510 1459 3563 po-

304 3578 359 3630 test
376 3574 477 3643 negari,
492 3588 555 3628 nam
571 3572 695 3630 Macrum
712 3576 775 3629 anni
792 3575 979 3643 praecedentis
997 3577 1122 3633 consules
1139 3576 1237 3632 lulium
1253 3583 1282 3632 et
1298 3576 1461 3647 Verginium

305 3658 422 3714 refectos
446 3658 613 3724 exhibuisse,
640 3665 734 3714 ramat
750 3660 845 3715 Liuius
862 3663 897 3726 (4,
916 3663 967 3727 23).
1001 3661 1105 3717 Idatius
1128 3667 1219 3717 autem
1241 3663 1365 3719 consules
1389 3663 1463 3720 dicit

306 3742 487 3811 capitolinum
509 3748 537 3798 et
558 3744 740 3809 Camerinum,
773 3760 854 3812 quos,
877 3760 939 3800 cum
961 3747 1060 3802 multos
1083 3747 1185 3802 medios
1213 3748 1378 3803 intercedere
1400 3749 1462 3806 iam

306 3827 417 3882 dixerim
438 3833 563 3884 auctores
585 3830 657 3885 inter
672 3829 791 3885 Idatium
813 3834 842 3885 st
858 3830 959 3886 fontem
975 3831 1100 3902 primum,
1118 3832 1153 3888 ub
1171 3849 1226 3888 uno
1244 3848 1338 3888 eorum
1353 3834 1462 3891 inlatos

306 3927 366 3968 esse
382 3918 458 3982 puto.
492 3913 553 3968 Hoc
569 3930 654 3970 unum
669 3930 807 3984 moneam,
829 3932 884 3972 non
904 3931 986 3986 posse
1003 3923 1111 3987 sumpta
1127 3933 1187 3974 esse
1204 3932 1245 3983 ea,
1263 3933 1333 3987 quae
1349 3918 1462 3977 Idatius

305 3998 389 4053 habet
406 3997 548 4053 consulum
566 4003 614 4056 320
637 4002 747 4056 nomina
763 4016 797 4056 ex
814 4001 868 4056 illis
884 4001 1051 4070 auctoribus,
1069 4019 1136 4072 quos
1153 4003 1249 4059 liuius
1266 4005 1285 4059 1.
1300 4004 1319 4058 l.
1341 4004 1464 4075 profert,

306 4097 367 4138 cum
384 4096 462 4140 nemo
478 4082 586 4139 illorum
604 4101 658 4141 non
675 4085 733 4143 sine
751 4085 954 4155 cognominibus
972 4089 1113 4144 uocauerit
1131 4088 1264 4145 consules.
