<?xml version="1.0" encoding="UTF-8"?>
<!DOCTYPE html PUBLIC "-//W3C//DTD XHTML 1.0 Transitional//EN"
    "http://www.w3.org/TR/xhtml1/DTD/xhtml1-transitional.dtd">
<html xmlns="http://www.w3.org/1999/xhtml" xml:lang="en" lang="en">
 <head>
  <title>
</title>
<meta http-equiv="Content-Type" content="text/html;charset=utf-8" />
  <meta name='ocr-system' content='tesseract 3.04.00' />
  <meta name='ocr-capabilities' content='ocr_page ocr_carea ocr_par ocr_line ocrx_word'/>
</head>
<body>
  <div class='ocr_page' id='page_1' title='image "./defastisconsula00cichgoog_0026.png"; bbox 0 0 3108 4902; ppageno 0'>
   <div class='ocr_carea' id='block_1_1' title="bbox 422 338 1282 408">
    <p class='ocr_par' dir='ltr' id='par_1_1' title="bbox 422 338 1282 408">
     <span class='ocr_line' id='line_1_1' title="bbox 422 338 1282 408; baseline 0.01 -14"><span class='ocrx_word' id='word_1_1' title='bbox 422 339 465 394; x_wconf 87' lang='lat' dir='ltr'>De</span> <span class='ocrx_word' id='word_1_2' title='bbox 481 339 561 396; x_wconf 84' lang='lat' dir='ltr'>fastis</span> <span class='ocrx_word' id='word_1_3' title='bbox 579 338 769 397; x_wconf 83' lang='lat' dir='ltr'>consularibus</span> <span class='ocrx_word' id='word_1_4' title='bbox 786 340 988 408; x_wconf 85' lang='lat' dir='ltr'>antiquissimis.</span> <span class='ocrx_word' id='word_1_5' title='bbox 1222 343 1282 403; x_wconf 81' lang='lat'>187</span> 
     </span>
    </p>
   </div>
   <div class='ocr_carea' id='block_1_2' title="bbox 124 510 1349 3333">
    <p class='ocr_par' dir='ltr' id='par_1_2' title="bbox 124 510 1283 1311">
     <span class='ocr_line' id='line_1_2' title="bbox 125 510 1283 597; baseline 0.003 -18"><span class='ocrx_word' id='word_1_6' title='bbox 125 533 150 579; x_wconf 89' lang='lat' dir='ltr'>a</span> <span class='ocrx_word' id='word_1_7' title='bbox 163 510 276 597; x_wconf 91' lang='lat' dir='ltr'>primis</span> <span class='ocrx_word' id='word_1_8' title='bbox 291 511 413 577; x_wconf 80' lang='lat' dir='ltr'>liberae</span> <span class='ocrx_word' id='word_1_9' title='bbox 431 512 480 578; x_wconf 83' lang='lat' dir='ltr'>rei</span> <span class='ocrx_word' id='word_1_10' title='bbox 501 512 652 595; x_wconf 89' lang='lat' dir='ltr'>publicae</span> <span class='ocrx_word' id='word_1_11' title='bbox 674 511 872 595; x_wconf 79' lang='lat' dir='ltr'>temporibus</span> <span class='ocrx_word' id='word_1_12' title='bbox 894 512 994 580; x_wconf 83' lang='lat' dir='ltr'>fastos</span> <span class='ocrx_word' id='word_1_13' title='bbox 1017 513 1204 582; x_wconf 77' lang='lat' dir='ltr'>exhibuisse</span> <span class='ocrx_word' id='word_1_14' title='bbox 1226 516 1283 582; x_wconf 89' lang='lat' dir='ltr'>ad·</span> 
     </span>
     <span class='ocr_line' id='line_1_3' title="bbox 126 612 1282 697; baseline 0.003 -17"><span class='ocrx_word' id='word_1_15' title='bbox 126 613 208 680; x_wconf 87' lang='lat' dir='ltr'>ditis</span> <span class='ocrx_word' id='word_1_16' title='bbox 229 612 488 697; x_wconf 78' lang='lat' dir='ltr'><strong>cognominibus,</strong></span> <span class='ocrx_word' id='word_1_17' title='bbox 515 632 627 680; x_wconf 91' lang='lat' dir='ltr'>omncs</span> <span class='ocrx_word' id='word_1_18' title='bbox 648 619 756 679; x_wconf 90' lang='lat' dir='ltr'>autem</span> <span class='ocrx_word' id='word_1_19' title='bbox 778 614 921 697; x_wconf 89' lang='lat' dir='ltr'>reliquos</span> <span class='ocrx_word' id='word_1_20' title='bbox 942 621 1089 682; x_wconf 90' lang='lat' dir='ltr'>auctores</span> <span class='ocrx_word' id='word_1_21' title='bbox 1111 614 1282 685; x_wconf 88' lang='lat' dir='ltr'>historicos</span> 
     </span>
     <span class='ocr_line' id='line_1_4' title="bbox 124 713 1281 798; baseline 0.003 -17"><span class='ocrx_word' id='word_1_22' title='bbox 124 735 149 781; x_wconf 91' lang='lat' dir='ltr'>a</span> <span class='ocrx_word' id='word_1_23' title='bbox 161 715 256 780; x_wconf 90' lang='lat' dir='ltr'>Liuio</span> <span class='ocrx_word' id='word_1_24' title='bbox 273 721 306 781; x_wconf 90' lang='lat' dir='ltr'>ct</span> <span class='ocrx_word' id='word_1_25' title='bbox 319 715 478 798; x_wconf 88' lang='lat' dir='ltr'>Dionysio</span> <span class='ocrx_word' id='word_1_26' title='bbox 492 713 657 782; x_wconf 89' lang='lat' dir='ltr'>adhibitos</span> <span class='ocrx_word' id='word_1_27' title='bbox 674 720 749 782; x_wconf 89' lang='lat' dir='ltr'>ante</span> <span class='ocrx_word' id='word_1_28' title='bbox 765 716 909 798; x_wconf 90' lang='lat' dir='ltr'>quintum</span> <span class='ocrx_word' id='word_1_29' title='bbox 930 716 1019 781; x_wconf 91' lang='lat' dir='ltr'>urbis</span> <span class='ocrx_word' id='word_1_30' title='bbox 1040 716 1190 785; x_wconf 87' lang='lat' dir='ltr'>conditae</span> <span class='ocrx_word' id='word_1_31' title='bbox 1212 738 1281 785; x_wconf 88' lang='lat' dir='ltr'>sae·</span> 
     </span>
     <span class='ocr_line' id='line_1_5' title="bbox 127 816 1281 902; baseline 0.003 -19"><span class='ocrx_word' id='word_1_32' title='bbox 127 817 235 883; x_wconf 90' lang='lat' dir='ltr'>culum</span> <span class='ocrx_word' id='word_1_33' title='bbox 250 816 335 883; x_wconf 88' lang='lat' dir='ltr'>binis</span> <span class='ocrx_word' id='word_1_34' title='bbox 357 820 480 882; x_wconf 89' lang='lat' dir='ltr'>tantum</span> <span class='ocrx_word' id='word_1_35' title='bbox 502 816 684 883; x_wconf 91' lang='lat' dir='ltr'>nominibus</span> <span class='ocrx_word' id='word_1_36' title='bbox 707 817 869 883; x_wconf 86' lang='lat' dir='ltr'>rettulisse</span> <span class='ocrx_word' id='word_1_37' title='bbox 892 817 1040 884; x_wconf 90' lang='lat' dir='ltr'>consules</span> <span class='ocrx_word' id='word_1_38' title='bbox 1054 818 1200 902; x_wconf 91' lang='lat' dir='ltr'>aliosque</span> <span class='ocrx_word' id='word_1_39' title='bbox 1215 840 1281 886; x_wconf 91' lang='lat' dir='ltr'>ma·</span> 
     </span>
     <span class='ocr_line' id='line_1_6' title="bbox 127 916 1282 1002; baseline 0.002 -18"><span class='ocrx_word' id='word_1_40' title='bbox 127 918 281 1001; x_wconf 85' lang='lat' dir='ltr'>gistratus</span> <span class='ocrx_word' id='word_1_41' title='bbox 305 936 411 1000; x_wconf 90' lang='lat' dir='ltr'>nequo</span> <span class='ocrx_word' id='word_1_42' title='bbox 442 918 603 985; x_wconf 73' lang='lat' dir='ltr'>exstitisse</span> <span class='ocrx_word' id='word_1_43' title='bbox 625 916 714 1001; x_wconf 88' lang='lat' dir='ltr'>apud</span> <span class='ocrx_word' id='word_1_44' title='bbox 741 918 815 985; x_wconf 92' lang='lat' dir='ltr'>illos</span> <span class='ocrx_word' id='word_1_45' title='bbox 838 918 1031 1002; x_wconf 84' lang='lat' dir='ltr'>cognomina</span> <span class='ocrx_word' id='word_1_46' title='bbox 1058 919 1122 985; x_wconf 92' lang='lat' dir='ltr'>nisi</span> <span class='ocrx_word' id='word_1_47' title='bbox 1144 920 1282 988; x_wconf 90' lang='lat' dir='ltr'>clarissi-</span> 
     </span>
     <span class='ocr_line' id='line_1_7' title="bbox 127 1018 1281 1105; baseline 0.003 -22"><span class='ocrx_word' id='word_1_48' title='bbox 127 1038 252 1085; x_wconf 92' lang='lat' dir='ltr'>morum</span> <span class='ocrx_word' id='word_1_49' title='bbox 267 1019 383 1102; x_wconf 91' lang='lat' dir='ltr'>populi</span> <span class='ocrx_word' id='word_1_50' title='bbox 397 1019 535 1086; x_wconf 87' lang='lat' dir='ltr'>Romani</span> <span class='ocrx_word' id='word_1_51' title='bbox 549 1019 677 1102; x_wconf 88' lang='lat' dir='ltr'>ducum,</span> <span class='ocrx_word' id='word_1_52' title='bbox 697 1018 888 1102; x_wconf 75' lang='lat' dir='ltr'>Cincinnati,</span> <span class='ocrx_word' id='word_1_53' title='bbox 904 1018 1034 1086; x_wconf 77' lang='lat' dir='ltr'>Camilli</span> <span class='ocrx_word' id='word_1_54' title='bbox 1049 1025 1146 1103; x_wconf 89' lang='lat' dir='ltr'>atque</span> <span class='ocrx_word' id='word_1_55' title='bbox 1162 1039 1281 1105; x_wconf 89' lang='lat' dir='ltr'>eorum,</span> 
     </span>
     <span class='ocr_line' id='line_1_8' title="bbox 126 1119 1282 1205; baseline 0.002 -20"><span class='ocrx_word' id='word_1_56' title='bbox 126 1119 286 1203; x_wconf 90' lang='lat' dir='ltr'>aquibus</span> <span class='ocrx_word' id='word_1_57' title='bbox 310 1120 462 1205; x_wconf 90' lang='lat' dir='ltr'>expulsos</span> <span class='ocrx_word' id='word_1_58' title='bbox 485 1139 556 1188; x_wconf 90' lang='lat' dir='ltr'>esse</span> <span class='ocrx_word' id='word_1_59' title='bbox 577 1140 671 1204; x_wconf 82' lang='lat' dir='ltr'>reges</span> <span class='ocrx_word' id='word_1_60' title='bbox 693 1121 866 1187; x_wconf 78' lang='lat' dir='ltr'>narrabant</span> <span class='ocrx_word' id='word_1_61' title='bbox 886 1121 1027 1205; x_wconf 83' lang='lat' dir='ltr'>fabulae,</span> <span class='ocrx_word' id='word_1_62' title='bbox 1050 1122 1151 1204; x_wconf 86' lang='lat' dir='ltr'>Bruti,</span> <span class='ocrx_word' id='word_1_63' title='bbox 1174 1122 1282 1205; x_wconf 91' lang='lat' dir='ltr'>Popli-</span> 
     </span>
     <span class='ocr_line' id='line_1_9' title="bbox 126 1221 540 1311; baseline -0.002 -23"><span class='ocrx_word' id='word_1_64' title='bbox 126 1221 229 1304; x_wconf 81' lang='lat' dir='ltr'>colae,</span> <span class='ocrx_word' id='word_1_65' title='bbox 251 1223 398 1288; x_wconf 90' lang='lat' dir='ltr'>aliorum.</span> <span class='ocrx_word' id='word_1_66' title='bbox 537 1306 540 1311; x_wconf 7' lang='grc' dir='ltr'>ξ</span> 
     </span>
    </p>

    <p class='ocr_par' dir='ltr' id='par_1_3' title="bbox 126 1320 1349 2101">
     <span class='ocr_line' id='line_1_10' title="bbox 214 1320 1349 1407; baseline 0 -18"><span class='ocrx_word' id='word_1_67' title='bbox 214 1322 338 1401; x_wconf 81' lang='lat' dir='ltr'>Quibus</span> <span class='ocrx_word' id='word_1_68' title='bbox 353 1324 495 1407; x_wconf 87' lang='lat' dir='ltr'>acceptis</span> <span class='ocrx_word' id='word_1_69' title='bbox 510 1322 598 1389; x_wconf 87' lang='lat' dir='ltr'>haud</span> <span class='ocrx_word' id='word_1_70' title='bbox 612 1322 694 1388; x_wconf 91' lang='lat' dir='ltr'>mihi</span> <span class='ocrx_word' id='word_1_71' title='bbox 714 1324 828 1391; x_wconf 90' lang='lat' dir='ltr'>uidcor</span> <span class='ocrx_word' id='word_1_72' title='bbox 842 1323 986 1390; x_wconf 87' lang='lat' dir='ltr'>iudicare</span> <span class='ocrx_word' id='word_1_73' title='bbox 1008 1320 1173 1407; x_wconf 88' lang='lat' dir='ltr'>audacius,</span> <span class='ocrx_word' id='word_1_74' title='bbox 1196 1323 1283 1407; x_wconf 88' lang='lat' dir='ltr'>quod</span> <span class='ocrx_word' id='word_1_75' title='bbox 1343 1364 1349 1378; x_wconf 42' lang='grc' dir='ltr'>ι</span> 
     </span>
     <span class='ocr_line' id='line_1_11' title="bbox 127 1423 1283 1510; baseline 0 -20"><span class='ocrx_word' id='word_1_76' title='bbox 127 1423 171 1490; x_wconf 89' lang='lat' dir='ltr'>ad</span> <span class='ocrx_word' id='word_1_77' title='bbox 192 1424 346 1507; x_wconf 87' lang='lat' dir='ltr'>Macrum,</span> <span class='ocrx_word' id='word_1_78' title='bbox 374 1426 495 1510; x_wconf 88' lang='lat' dir='ltr'>quippo</span> <span class='ocrx_word' id='word_1_79' title='bbox 518 1425 573 1508; x_wconf 90' lang='lat' dir='ltr'>qui</span> <span class='ocrx_word' id='word_1_80' title='bbox 595 1444 677 1491; x_wconf 91' lang='lat' dir='ltr'>unus</span> <span class='ocrx_word' id='word_1_81' title='bbox 699 1444 741 1491; x_wconf 94' lang='lat' dir='ltr'>ex</span> <span class='ocrx_word' id='word_1_82' title='bbox 762 1425 850 1491; x_wconf 91' lang='lat' dir='ltr'>Liuii</span> <span class='ocrx_word' id='word_1_83' title='bbox 872 1432 905 1491; x_wconf 92' lang='lat' dir='ltr'>ct</span> <span class='ocrx_word' id='word_1_84' title='bbox 926 1424 1076 1510; x_wconf 87' lang='lat' dir='ltr'>Dionysii</span> <span class='ocrx_word' id='word_1_85' title='bbox 1098 1425 1283 1492; x_wconf 91' lang='lat' dir='ltr'>auctoribus</span> 
     </span>
     <span class='ocr_line' id='line_1_12' title="bbox 126 1523 1285 1609; baseline 0.001 -18"><span class='ocrx_word' id='word_1_86' title='bbox 126 1531 220 1591; x_wconf 86' lang='lat' dir='ltr'>terna</span> <span class='ocrx_word' id='word_1_87' title='bbox 242 1523 426 1592; x_wconf 84' lang='lat' dir='ltr'>exhibuerit</span> <span class='ocrx_word' id='word_1_88' title='bbox 450 1526 596 1609; x_wconf 91' lang='lat' dir='ltr'>nomina,</span> <span class='ocrx_word' id='word_1_89' title='bbox 625 1527 733 1591; x_wconf 86' lang='lat' dir='ltr'>omnia</span> <span class='ocrx_word' id='word_1_90' title='bbox 760 1528 818 1592; x_wconf 87' lang='lat' dir='ltr'>illa</span> <span class='ocrx_word' id='word_1_91' title='bbox 839 1527 943 1594; x_wconf 84' lang='lat' dir='ltr'>refero</span> <span class='ocrx_word' id='word_1_92' title='bbox 966 1527 1000 1592; x_wconf 90' lang='lat' dir='ltr'>in</span> <span class='ocrx_word' id='word_1_93' title='bbox 1022 1527 1113 1594; x_wconf 91' lang='lat' dir='ltr'>libris</span> <span class='ocrx_word' id='word_1_94' title='bbox 1135 1527 1221 1593; x_wconf 89' lang='lat' dir='ltr'>Liuii</span> <span class='ocrx_word' id='word_1_95' title='bbox 1236 1526 1285 1592; x_wconf 93' lang='grc' dir='ltr'>ΙΠ</span> 
     </span>
     <span class='ocr_line' id='line_1_13' title="bbox 127 1627 1283 1712; baseline 0 -18"><span class='ocrx_word' id='word_1_96' title='bbox 127 1647 176 1710; x_wconf 88' lang='lat' dir='ltr'>sq.</span> <span class='ocrx_word' id='word_1_97' title='bbox 201 1646 240 1692; x_wconf 90' lang='lat' dir='ltr'>ao</span> <span class='ocrx_word' id='word_1_98' title='bbox 261 1627 411 1712; x_wconf 88' lang='lat' dir='ltr'>Dionysii</span> <span class='ocrx_word' id='word_1_99' title='bbox 433 1627 567 1712; x_wconf 76' lang='lat' dir='ltr'>v-XI,</span> <span class='ocrx_word' id='word_1_100' title='bbox 599 1628 654 1693; x_wconf 90' lang='lat' dir='ltr'>ubi</span> <span class='ocrx_word' id='word_1_101' title='bbox 676 1633 804 1711; x_wconf 86' lang='lat' dir='ltr'>praeter</span> <span class='ocrx_word' id='word_1_102' title='bbox 834 1629 1028 1696; x_wconf 89' lang='lat' dir='ltr'>clarissimos</span> <span class='ocrx_word' id='word_1_103' title='bbox 1055 1629 1143 1695; x_wconf 91' lang='lat' dir='ltr'>uiros</span> <span class='ocrx_word' id='word_1_104' title='bbox 1165 1629 1283 1712; x_wconf 89' lang='lat' dir='ltr'>reliqui</span> 
     </span>
     <span class='ocr_line' id='line_1_14' title="bbox 127 1729 1283 1814; baseline 0.003 -21"><span class='ocrx_word' id='word_1_105' title='bbox 127 1746 260 1810; x_wconf 87' lang='lat' dir='ltr'>quoque</span> <span class='ocrx_word' id='word_1_106' title='bbox 275 1730 421 1796; x_wconf 88' lang='lat' dir='ltr'>consules</span> <span class='ocrx_word' id='word_1_107' title='bbox 442 1729 634 1812; x_wconf 79' lang='lat' dir='ltr'>cognomine</span> <span class='ocrx_word' id='word_1_108' title='bbox 648 1729 789 1813; x_wconf 89' lang='lat' dir='ltr'>praediti</span> <span class='ocrx_word' id='word_1_109' title='bbox 809 1737 984 1813; x_wconf 90' lang='lat' dir='ltr'>apparent;</span> <span class='ocrx_word' id='word_1_110' title='bbox 1005 1731 1196 1814; x_wconf 90' lang='lat' dir='ltr'>praesertim</span> <span class='ocrx_word' id='word_1_111' title='bbox 1211 1750 1283 1797; x_wconf 88' lang='lat' dir='ltr'>oum</span> 
     </span>
     <span class='ocr_line' id='line_1_15' title="bbox 127 1831 1283 1913; baseline 0.002 -19"><span class='ocrx_word' id='word_1_112' title='bbox 127 1835 299 1913; x_wconf 88' lang='lat' dir='ltr'>utrumque</span> <span class='ocrx_word' id='word_1_113' title='bbox 321 1836 484 1897; x_wconf 90' lang='lat' dir='ltr'>auctorem</span> <span class='ocrx_word' id='word_1_114' title='bbox 513 1832 546 1896; x_wconf 92' lang='lat' dir='ltr'>in</span> <span class='ocrx_word' id='word_1_115' title='bbox 574 1831 639 1897; x_wconf 94' lang='lat' dir='ltr'>illis</span> <span class='ocrx_word' id='word_1_116' title='bbox 667 1831 758 1897; x_wconf 90' lang='lat' dir='ltr'>libris</span> <span class='ocrx_word' id='word_1_117' title='bbox 787 1849 859 1897; x_wconf 90' lang='lat' dir='ltr'>esso</span> <span class='ocrx_word' id='word_1_118' title='bbox 888 1849 980 1896; x_wconf 93' lang='lat' dir='ltr'>usum</span> <span class='ocrx_word' id='word_1_119' title='bbox 1002 1831 1127 1897; x_wconf 90' lang='lat' dir='ltr'>Licinio</span> <span class='ocrx_word' id='word_1_120' title='bbox 1149 1837 1283 1898; x_wconf 86' lang='lat' dir='ltr'>constet.</span> 
     </span>
     <span class='ocr_line' id='line_1_16' title="bbox 129 1930 1283 2017; baseline 0.002 -20"><span class='ocrx_word' id='word_1_121' title='bbox 129 1930 221 2009; x_wconf 80' lang='lat' dir='ltr'>Quae</span> <span class='ocrx_word' id='word_1_122' title='bbox 243 1951 317 1998; x_wconf 93' lang='lat' dir='ltr'>cum</span> <span class='ocrx_word' id='word_1_123' title='bbox 338 1931 392 1999; x_wconf 88' lang='lat' dir='ltr'>hio</span> <span class='ocrx_word' id='word_1_124' title='bbox 415 1933 519 1999; x_wconf 90' lang='lat' dir='ltr'>obiter</span> <span class='ocrx_word' id='word_1_125' title='bbox 548 1939 672 1999; x_wconf 90' lang='lat' dir='ltr'>tantum</span> <span class='ocrx_word' id='word_1_126' title='bbox 694 1933 818 2017; x_wconf 91' lang='lat' dir='ltr'>possim</span> <span class='ocrx_word' id='word_1_127' title='bbox 840 1937 982 2016; x_wconf 83' lang='lat' dir='ltr'>tangere,</span> <span class='ocrx_word' id='word_1_128' title='bbox 1004 1932 1089 1997; x_wconf 79' lang='lat' dir='ltr'>intra</span> <span class='ocrx_word' id='word_1_129' title='bbox 1110 1932 1283 2015; x_wconf 87' lang='lat' dir='ltr'>explicabo</span> 
     </span>
     <span class='ocr_line' id='line_1_17' title="bbox 128 2036 319 2101; baseline 0.005 -2"><span class='ocrx_word' id='word_1_130' title='bbox 128 2036 319 2101; x_wconf 91' lang='lat' dir='ltr'>accuratius.</span> 
     </span>
    </p>

    <p class='ocr_par' dir='ltr' id='par_1_4' title="bbox 126 2135 1286 3238">
     <span class='ocr_line' id='line_1_18' title="bbox 214 2135 1283 2219; baseline 0 -18"><span class='ocrx_word' id='word_1_131' title='bbox 214 2136 294 2204; x_wconf 90' lang='lat' dir='ltr'>Post</span> <span class='ocrx_word' id='word_1_132' title='bbox 314 2136 457 2203; x_wconf 86' lang='lat' dir='ltr'>Macrum</span> <span class='ocrx_word' id='word_1_133' title='bbox 483 2138 576 2202; x_wconf 91' lang='lat' dir='ltr'>multi</span> <span class='ocrx_word' id='word_1_134' title='bbox 604 2141 752 2203; x_wconf 86' lang='lat' dir='ltr'>auctores</span> <span class='ocrx_word' id='word_1_135' title='bbox 781 2135 936 2203; x_wconf 88' lang='lat' dir='ltr'>exhibent</span> <span class='ocrx_word' id='word_1_136' title='bbox 963 2135 1156 2219; x_wconf 82' lang='lat' dir='ltr'>cognomina</span> <span class='ocrx_word' id='word_1_137' title='bbox 1185 2139 1283 2218; x_wconf 90' lang='lat' dir='ltr'>atque</span> 
     </span>
     <span class='ocr_line' id='line_1_19' title="bbox 127 2235 1284 2321; baseline -0.001 -18"><span class='ocrx_word' id='word_1_138' title='bbox 127 2238 297 2320; x_wconf 91' lang='lat' dir='ltr'>complura</span> <span class='ocrx_word' id='word_1_139' title='bbox 311 2236 468 2304; x_wconf 87' lang='lat' dir='ltr'>babemus</span> <span class='ocrx_word' id='word_1_140' title='bbox 483 2238 637 2303; x_wconf 84' lang='lat' dir='ltr'>fastorum</span> <span class='ocrx_word' id='word_1_141' title='bbox 654 2238 869 2305; x_wconf 87' lang='lat' dir='ltr'>consularium</span> <span class='ocrx_word' id='word_1_142' title='bbox 885 2237 1096 2321; x_wconf 87' lang='lat' dir='ltr'>exemplaria,</span> <span class='ocrx_word' id='word_1_143' title='bbox 1119 2235 1284 2319; x_wconf 92' lang='lat' dir='ltr'>inquibus</span> 
     </span>
     <span class='ocr_line' id='line_1_20' title="bbox 127 2337 1284 2424; baseline -0.001 -19"><span class='ocrx_word' id='word_1_144' title='bbox 127 2338 205 2405; x_wconf 90' lang='lat' dir='ltr'>iude</span> <span class='ocrx_word' id='word_1_145' title='bbox 227 2339 268 2405; x_wconf 86' lang='lat' dir='ltr'>ab</span> <span class='ocrx_word' id='word_1_146' title='bbox 291 2339 383 2404; x_wconf 93' lang='lat' dir='ltr'>initio</span> <span class='ocrx_word' id='word_1_147' title='bbox 405 2338 628 2405; x_wconf 86' lang='lat' dir='ltr'>describuntur</span> <span class='ocrx_word' id='word_1_148' title='bbox 655 2340 860 2423; x_wconf 84' lang='lat' dir='ltr'>magistratus</span> <span class='ocrx_word' id='word_1_149' title='bbox 889 2340 1024 2424; x_wconf 77' lang='lat' dir='ltr'>singulis</span> <span class='ocrx_word' id='word_1_150' title='bbox 1054 2339 1109 2405; x_wconf 92' lang='lat' dir='ltr'>uel</span> <span class='ocrx_word' id='word_1_151' title='bbox 1138 2337 1284 2423; x_wconf 90' lang='lat' dir='ltr'>pluribus</span> 
     </span>
     <span class='ocr_line' id='line_1_21' title="bbox 128 2440 1285 2524; baseline -0.001 -17"><span class='ocrx_word' id='word_1_152' title='bbox 128 2440 384 2524; x_wconf 80' lang='lat' dir='ltr'>cognominibus.</span> <span class='ocrx_word' id='word_1_153' title='bbox 418 2440 542 2505; x_wconf 84' lang='lat' dir='ltr'>Tamen</span> <span class='ocrx_word' id='word_1_154' title='bbox 557 2442 655 2506; x_wconf 87' lang='lat' dir='ltr'>ctiam</span> <span class='ocrx_word' id='word_1_155' title='bbox 670 2442 704 2504; x_wconf 92' lang='lat' dir='ltr'>in</span> <span class='ocrx_word' id='word_1_156' title='bbox 719 2441 811 2507; x_wconf 90' lang='lat' dir='ltr'>libris</span> <span class='ocrx_word' id='word_1_157' title='bbox 825 2442 1057 2507; x_wconf 88' lang='lat' dir='ltr'>recentioribus</span> <span class='ocrx_word' id='word_1_158' title='bbox 1072 2460 1170 2524; x_wconf 91' lang='lat' dir='ltr'>quam</span> <span class='ocrx_word' id='word_1_159' title='bbox 1184 2440 1285 2506; x_wconf 89' lang='lat' dir='ltr'>Macri</span> 
     </span>
     <span class='ocr_line' id='line_1_22' title="bbox 128 2538 1285 2628; baseline -0.003 -19"><span class='ocrx_word' id='word_1_160' title='bbox 128 2559 229 2628; x_wconf 88' lang='lat' dir='ltr'>saepe</span> <span class='ocrx_word' id='word_1_161' title='bbox 259 2541 446 2608; x_wconf 89' lang='lat' dir='ltr'>omittuntur</span> <span class='ocrx_word' id='word_1_162' title='bbox 474 2540 665 2624; x_wconf 84' lang='lat' dir='ltr'>cognomina</span> <span class='ocrx_word' id='word_1_163' title='bbox 692 2545 789 2622; x_wconf 89' lang='lat' dir='ltr'>atque</span> <span class='ocrx_word' id='word_1_164' title='bbox 817 2541 846 2605; x_wconf 94' lang='lat' dir='ltr'>si</span> <span class='ocrx_word' id='word_1_165' title='bbox 873 2540 947 2606; x_wconf 93' lang='lat' dir='ltr'>illos</span> <span class='ocrx_word' id='word_1_166' title='bbox 975 2541 1065 2606; x_wconf 92' lang='lat' dir='ltr'>locos</span> <span class='ocrx_word' id='word_1_167' title='bbox 1097 2538 1285 2622; x_wconf 83' lang='lat' dir='ltr'>diligentius</span> 
     </span>
     <span class='ocr_line' id='line_1_23' title="bbox 129 2640 1285 2727; baseline -0.003 -18"><span class='ocrx_word' id='word_1_168' title='bbox 129 2643 424 2727; x_wconf 86' lang='lat' dir='ltr'>disquisiuerimus,</span> <span class='ocrx_word' id='word_1_169' title='bbox 458 2642 648 2725; x_wconf 85' lang='lat' dir='ltr'>plerumque</span> <span class='ocrx_word' id='word_1_170' title='bbox 682 2641 882 2708; x_wconf 87' lang='lat' dir='ltr'>inuenicmus</span> <span class='ocrx_word' id='word_1_171' title='bbox 917 2644 973 2707; x_wconf 89' lang='lat' dir='ltr'>aut</span> <span class='ocrx_word' id='word_1_172' title='bbox 1005 2640 1094 2725; x_wconf 93' lang='lat' dir='ltr'>ipsos</span> <span class='ocrx_word' id='word_1_173' title='bbox 1126 2646 1183 2705; x_wconf 90' lang='lat' dir='ltr'>aut</span> <span class='ocrx_word' id='word_1_174' title='bbox 1218 2659 1285 2722; x_wconf 91' lang='lat' dir='ltr'>eos,</span> 
     </span>
     <span class='ocr_line' id='line_1_24' title="bbox 128 2741 1285 2828; baseline -0.003 -17"><span class='ocrx_word' id='word_1_175' title='bbox 128 2744 216 2811; x_wconf 87' lang='lat' dir='ltr'>unde</span> <span class='ocrx_word' id='word_1_176' title='bbox 238 2744 345 2812; x_wconf 89' lang='lat' dir='ltr'>hausti</span> <span class='ocrx_word' id='word_1_177' title='bbox 367 2744 440 2828; x_wconf 90' lang='lat' dir='ltr'>sint,</span> <span class='ocrx_word' id='word_1_178' title='bbox 464 2744 568 2811; x_wconf 88' lang='lat' dir='ltr'>fontes</span> <span class='ocrx_word' id='word_1_179' title='bbox 586 2741 694 2810; x_wconf 89' lang='lat' dir='ltr'>redire</span> <span class='ocrx_word' id='word_1_180' title='bbox 715 2742 758 2809; x_wconf 87' lang='lat' dir='ltr'>ad</span> <span class='ocrx_word' id='word_1_181' title='bbox 780 2743 977 2826; x_wconf 88' lang='lat' dir='ltr'>antiquiores</span> <span class='ocrx_word' id='word_1_182' title='bbox 999 2742 1163 2810; x_wconf 90' lang='lat' dir='ltr'>annalium</span> <span class='ocrx_word' id='word_1_183' title='bbox 1187 2742 1285 2826; x_wconf 91' lang='lat' dir='ltr'>scrip·</span> 
     </span>
     <span class='ocr_line' id='line_1_25' title="bbox 126 2843 1285 2931; baseline -0.003 -18"><span class='ocrx_word' id='word_1_184' title='bbox 126 2853 230 2931; x_wconf 89' lang='lat' dir='ltr'>tores,</span> <span class='ocrx_word' id='word_1_185' title='bbox 253 2849 300 2913; x_wconf 91' lang='lat' dir='ltr'>ita</span> <span class='ocrx_word' id='word_1_186' title='bbox 321 2853 357 2912; x_wconf 92' lang='lat' dir='ltr'>ut</span> <span class='ocrx_word' id='word_1_187' title='bbox 378 2844 441 2913; x_wconf 92' lang='lat' dir='ltr'>hac</span> <span class='ocrx_word' id='word_1_188' title='bbox 461 2847 587 2913; x_wconf 88' lang='lat' dir='ltr'>ratione</span> <span class='ocrx_word' id='word_1_189' title='bbox 608 2847 658 2912; x_wconf 92' lang='lat' dir='ltr'>usi</span> <span class='ocrx_word' id='word_1_190' title='bbox 681 2863 723 2911; x_wconf 87' lang='lat' dir='ltr'>ex</span> <span class='ocrx_word' id='word_1_191' title='bbox 744 2845 944 2929; x_wconf 89' lang='lat' dir='ltr'>nominibus,</span> <span class='ocrx_word' id='word_1_192' title='bbox 969 2844 1048 2930; x_wconf 88' lang='lat' dir='ltr'>quid</span> <span class='ocrx_word' id='word_1_193' title='bbox 1069 2843 1158 2931; x_wconf 88' lang='lat' dir='ltr'>apud</span> <span class='ocrx_word' id='word_1_194' title='bbox 1179 2850 1285 2930; x_wconf 89' lang='lat' dir='ltr'>poste·</span> 
     </span>
     <span class='ocr_line' id='line_1_26' title="bbox 128 2944 1285 3031; baseline -0.002 -17"><span class='ocrx_word' id='word_1_195' title='bbox 128 2949 225 3016; x_wconf 91' lang='lat' dir='ltr'>rioris</span> <span class='ocrx_word' id='word_1_196' title='bbox 239 2949 355 3015; x_wconf 88' lang='lat' dir='ltr'>aetatis</span> <span class='ocrx_word' id='word_1_197' title='bbox 370 2953 527 3029; x_wconf 87' lang='lat' dir='ltr'>auctores,</span> <span class='ocrx_word' id='word_1_198' title='bbox 550 2944 758 3013; x_wconf 91' lang='lat' dir='ltr'>Plutarchum</span> <span class='ocrx_word' id='word_1_199' title='bbox 772 2945 805 3031; x_wconf 86' lang='lat'>¹),</span> <span class='ocrx_word' id='word_1_200' title='bbox 829 2946 976 3013; x_wconf 92' lang='lat' dir='ltr'>Cassium</span> <span class='ocrx_word' id='word_1_201' title='bbox 992 2946 1141 3030; x_wconf 92' lang='lat' dir='ltr'>Dionem,</span> <span class='ocrx_word' id='word_1_202' title='bbox 1163 2946 1285 3030; x_wconf 84' lang='lat' dir='ltr'>Appia·</span> 
     </span>
     <span class='ocr_line' id='line_1_27' title="bbox 127 3046 1286 3133; baseline -0.003 -17"><span class='ocrx_word' id='word_1_203' title='bbox 127 3070 208 3116; x_wconf 89' lang='lat' dir='ltr'>num</span> <span class='ocrx_word' id='word_1_204' title='bbox 229 3052 376 3133; x_wconf 90' lang='lat' dir='ltr'>aliosque</span> <span class='ocrx_word' id='word_1_205' title='bbox 399 3069 440 3114; x_wconf 92' lang='lat' dir='ltr'>ex</span> <span class='ocrx_word' id='word_1_206' title='bbox 462 3048 697 3132; x_wconf 89' lang='lat' dir='ltr'>superioribus,</span> <span class='ocrx_word' id='word_1_207' title='bbox 727 3046 806 3130; x_wconf 88' lang='lat' dir='ltr'>quid</span> <span class='ocrx_word' id='word_1_208' title='bbox 828 3066 870 3112; x_wconf 90' lang='lat' dir='ltr'>ex</span> <span class='ocrx_word' id='word_1_209' title='bbox 892 3047 1122 3114; x_wconf 88' lang='lat' dir='ltr'>recentioribus</span> <span class='ocrx_word' id='word_1_210' title='bbox 1143 3046 1286 3112; x_wconf 83' lang='lat' dir='ltr'>lontibus</span> 
     </span>
     <span class='ocr_line' id='line_1_28' title="bbox 127 3151 669 3238; baseline -0.009 -19"><span class='ocrx_word' id='word_1_211' title='bbox 127 3153 174 3220; x_wconf 90' lang='lat' dir='ltr'>sit</span> <span class='ocrx_word' id='word_1_212' title='bbox 194 3153 340 3238; x_wconf 89' lang='lat' dir='ltr'>petitum,</span> <span class='ocrx_word' id='word_1_213' title='bbox 364 3151 525 3235; x_wconf 87' lang='lat' dir='ltr'>possimus</span> <span class='ocrx_word' id='word_1_214' title='bbox 548 3167 669 3215; x_wconf 91' lang='lat' dir='ltr'>eruere.</span> 
     </span>
    </p>

    <p class='ocr_par' dir='ltr' id='par_1_5' title="bbox 217 3247 1285 3333">
     <span class='ocr_line' id='line_1_29' title="bbox 217 3247 1285 3333; baseline -0.007 -15"><span class='ocrx_word' id='word_1_215' title='bbox 217 3252 284 3319; x_wconf 84' lang='lat' dir='ltr'>Sed</span> <span class='ocrx_word' id='word_1_216' title='bbox 311 3252 354 3319; x_wconf 88' lang='lat' dir='ltr'>ad</span> <span class='ocrx_word' id='word_1_217' title='bbox 381 3253 481 3320; x_wconf 86' lang='lat' dir='ltr'>fastos</span> <span class='ocrx_word' id='word_1_218' title='bbox 509 3257 545 3318; x_wconf 93' lang='lat' dir='ltr'>ut</span> <span class='ocrx_word' id='word_1_219' title='bbox 565 3249 713 3333; x_wconf 87' lang='lat' dir='ltr'>redeam,</span> <span class='ocrx_word' id='word_1_220' title='bbox 743 3247 819 3315; x_wconf 86' lang='lat' dir='ltr'>inde</span> <span class='ocrx_word' id='word_1_221' title='bbox 842 3269 863 3315; x_wconf 92' lang='lat' dir='ltr'>a</span> <span class='ocrx_word' id='word_1_222' title='bbox 883 3248 992 3316; x_wconf 87' lang='lat' dir='ltr'>Macro</span> <span class='ocrx_word' id='word_1_223' title='bbox 1015 3249 1049 3315; x_wconf 89' lang='lat' dir='ltr'>in</span> <span class='ocrx_word' id='word_1_224' title='bbox 1070 3247 1285 3331; x_wconf 88' lang='lat' dir='ltr'>antiquissimi</span> 
     </span>
    </p>
   </div>
   <div class='ocr_carea' id='block_1_3' title="bbox 130 3478 1321 4064">
    <p class='ocr_par' dir='ltr' id='par_1_6' title="bbox 130 3478 1321 4064">
     <span class='ocr_line' id='line_1_30' title="bbox 219 3478 1287 3553; baseline -0.006 -14"><span class='ocrx_word' id='word_1_225' title='bbox 219 3489 244 3550; x_wconf 89' lang='lat'>1)</span> <span class='ocrx_word' id='word_1_226' title='bbox 261 3484 388 3553; x_wconf 87' lang='lat' dir='ltr'>Exempli</span> <span class='ocrx_word' id='word_1_227' title='bbox 405 3500 488 3551; x_wconf 82' lang='lat' dir='ltr'>causa</span> <span class='ocrx_word' id='word_1_228' title='bbox 504 3483 646 3540; x_wconf 83' lang='lat' dir='ltr'>Plutarchi</span> <span class='ocrx_word' id='word_1_229' title='bbox 663 3483 748 3538; x_wconf 91' lang='lat' dir='ltr'>uitam</span> <span class='ocrx_word' id='word_1_230' title='bbox 766 3481 871 3537; x_wconf 78' lang='lat' dir='ltr'>Camilli</span> <span class='ocrx_word' id='word_1_231' title='bbox 888 3482 1039 3551; x_wconf 81' lang='lat' dir='ltr'>proferam,</span> <span class='ocrx_word' id='word_1_232' title='bbox 1062 3494 1143 3550; x_wconf 86' lang='lat' dir='ltr'>quam</span> <span class='ocrx_word' id='word_1_233' title='bbox 1160 3478 1287 3534; x_wconf 69' lang='lat' dir='ltr'>hausmm</span> 
     </span>
     <span class='ocr_line' id='line_1_31' title="bbox 130 3562 1287 3640; baseline -0.009 -11"><span class='ocrx_word' id='word_1_234' title='bbox 130 3586 192 3629; x_wconf 86' lang='lat' dir='ltr'>csse</span> <span class='ocrx_word' id='word_1_235' title='bbox 215 3585 249 3625; x_wconf 89' lang='lat' dir='ltr'>ex</span> <span class='ocrx_word' id='word_1_236' title='bbox 265 3569 396 3640; x_wconf 76' lang='lat' dir='ltr'>Dionysio</span> <span class='ocrx_word' id='word_1_237' title='bbox 417 3570 484 3626; x_wconf 91' lang='lat' dir='ltr'>mihi</span> <span class='ocrx_word' id='word_1_238' title='bbox 507 3570 653 3639; x_wconf 88' lang='lat' dir='ltr'>persuadet</span> <span class='ocrx_word' id='word_1_239' title='bbox 669 3567 750 3624; x_wconf 87' lang='lat' dir='ltr'>Peter</span> <span class='ocrx_word' id='word_1_240' title='bbox 766 3565 853 3633; x_wconf 75' lang='lat' dir='ltr'>(laeli.</span> <span class='ocrx_word' id='word_1_241' title='bbox 872 3566 946 3623; x_wconf 81' lang='lat' dir='ltr'>Pbrt</span> <span class='ocrx_word' id='word_1_242' title='bbox 964 3583 992 3636; x_wconf 92' lang='lat' dir='ltr'>p.</span> <span class='ocrx_word' id='word_1_243' title='bbox 1005 3568 1113 3620; x_wconf 77' lang='lat'><strong>17-28.</strong></span> <span class='ocrx_word' id='word_1_244' title='bbox 1149 3562 1202 3619; x_wconf 90' lang='lat' dir='ltr'>Ubi</span> <span class='ocrx_word' id='word_1_245' title='bbox 1225 3579 1287 3619; x_wconf 89' lang='lat' dir='ltr'>cum</span> 
     </span>
     <span class='ocr_line' id='line_1_32' title="bbox 130 3649 1321 3726; baseline -0.009 -13"><span class='ocrx_word' id='word_1_246' title='bbox 130 3657 161 3713; x_wconf 91' lang='lat' dir='ltr'>in</span> <span class='ocrx_word' id='word_1_247' title='bbox 177 3661 256 3726; x_wconf 82' lang='lat' dir='ltr'>parte</span> <span class='ocrx_word' id='word_1_248' title='bbox 272 3653 364 3724; x_wconf 87' lang='lat' dir='ltr'>priore</span> <span class='ocrx_word' id='word_1_249' title='bbox 384 3654 420 3709; x_wconf 80' lang='lat' dir='ltr'>atl</span> <span class='ocrx_word' id='word_1_250' title='bbox 437 3655 569 3710; x_wconf 89' lang='lat' dir='ltr'>decimum</span> <span class='ocrx_word' id='word_1_251' title='bbox 591 3653 737 3722; x_wconf 90' lang='lat' dir='ltr'>septimum</span> <span class='ocrx_word' id='word_1_252' title='bbox 758 3653 816 3708; x_wconf 87' lang='lat' dir='ltr'>fere</span> <span class='ocrx_word' id='word_1_253' title='bbox 837 3656 921 3722; x_wconf 89' lang='lat' dir='ltr'>eaput</span> <span class='ocrx_word' id='word_1_254' title='bbox 943 3655 1095 3721; x_wconf 86' lang='lat' dir='ltr'>appareant</span> <span class='ocrx_word' id='word_1_255' title='bbox 1117 3649 1286 3718; x_wconf 79' lang='lat' dir='ltr'>cognomina,</span> <span class='ocrx_word' id='word_1_256' title='bbox 1319 3690 1321 3695; x_wconf 68' lang='lat'>,</span> 
     </span>
     <span class='ocr_line' id='line_1_33' title="bbox 130 3734 1317 3813; baseline -0.008 -16"><span class='ocrx_word' id='word_1_257' title='bbox 130 3757 201 3813; x_wconf 91' lang='lat' dir='ltr'>quae</span> <span class='ocrx_word' id='word_1_258' title='bbox 219 3741 326 3809; x_wconf 87' lang='lat' dir='ltr'>quidem</span> <span class='ocrx_word' id='word_1_259' title='bbox 342 3738 441 3794; x_wconf 85' lang='lat' dir='ltr'>desunt</span> <span class='ocrx_word' id='word_1_260' title='bbox 456 3740 486 3795; x_wconf 91' lang='lat' dir='ltr'>iu</span> <span class='ocrx_word' id='word_1_261' title='bbox 503 3738 712 3807; x_wconf 79' lang='lat' dir='ltr'>congruentibus</span> <span class='ocrx_word' id='word_1_262' title='bbox 729 3736 803 3791; x_wconf 86' lang='lat' dir='ltr'>Liuii</span> <span class='ocrx_word' id='word_1_263' title='bbox 820 3735 964 3807; x_wconf 89' lang='lat' dir='ltr'>capitibus,</span> <span class='ocrx_word' id='word_1_264' title='bbox 981 3737 1010 3789; x_wconf 91' lang='lat' dir='ltr'>in</span> <span class='ocrx_word' id='word_1_265' title='bbox 1027 3734 1179 3805; x_wconf 87' lang='lat' dir='ltr'>posteriore</span> <span class='ocrx_word' id='word_1_266' title='bbox 1195 3736 1287 3789; x_wconf 87' lang='lat' dir='ltr'>autem</span> <span class='ocrx_word' id='word_1_267' title='bbox 1306 3741 1317 3758; x_wconf 90' lang='lat'><strong>·</strong></span> 
     </span>
     <span class='ocr_line' id='line_1_34' title="bbox 130 3818 1287 3899; baseline -0.01 -16"><span class='ocrx_word' id='word_1_268' title='bbox 130 3826 239 3883; x_wconf 89' lang='lat' dir='ltr'>omnino</span> <span class='ocrx_word' id='word_1_269' title='bbox 252 3822 447 3892; x_wconf 87' lang='lat' dir='ltr'>desiderentur,</span> <span class='ocrx_word' id='word_1_270' title='bbox 464 3827 496 3877; x_wconf 90' lang='lat' dir='ltr'>ut</span> <span class='ocrx_word' id='word_1_271' title='bbox 512 3821 586 3892; x_wconf 89' lang='lat' dir='ltr'>apud</span> <span class='ocrx_word' id='word_1_272' title='bbox 602 3821 710 3875; x_wconf 90' lang='lat' dir='ltr'>Liuium</span> <span class='ocrx_word' id='word_1_273' title='bbox 727 3835 844 3889; x_wconf 87' lang='lat' dir='ltr'>quoquc,</span> <span class='ocrx_word' id='word_1_274' title='bbox 862 3820 966 3875; x_wconf 90' lang='lat' dir='ltr'>conicio</span> <span class='ocrx_word' id='word_1_275' title='bbox 978 3818 1239 3899; x_wconf 20' lang='lat' dir='ltr'>Dionysiumhetiam</span> <span class='ocrx_word' id='word_1_276' title='bbox 1257 3818 1287 3873; x_wconf 91' lang='lat' dir='ltr'>iu</span> 
     </span>
     <span class='ocr_line' id='line_1_35' title="bbox 130 3903 1287 3978; baseline -0.01 -10"><span class='ocrx_word' id='word_1_277' title='bbox 130 3913 194 3978; x_wconf 85' lang='lat' dir='ltr'>illis,</span> <span class='ocrx_word' id='word_1_278' title='bbox 211 3915 243 3966; x_wconf 88' lang='lat' dir='ltr'>ut</span> <span class='ocrx_word' id='word_1_279' title='bbox 259 3911 288 3965; x_wconf 92' lang='lat' dir='ltr'>in</span> <span class='ocrx_word' id='word_1_280' title='bbox 305 3909 396 3964; x_wconf 90' lang='lat' dir='ltr'>multis</span> <span class='ocrx_word' id='word_1_281' title='bbox 413 3907 474 3964; x_wconf 91' lang='lat' dir='ltr'>aliis</span> <span class='ocrx_word' id='word_1_282' title='bbox 492 3908 560 3963; x_wconf 84' lang='lat' dir='ltr'>duos</span> <span class='ocrx_word' id='word_1_283' title='bbox 578 3911 703 3962; x_wconf 87' lang='lat' dir='ltr'>auctores</span> <span class='ocrx_word' id='word_1_284' title='bbox 720 3905 805 3960; x_wconf 82' lang='lat' dir='ltr'>fuisse</span> <span class='ocrx_word' id='word_1_285' title='bbox 823 3906 954 3972; x_wconf 89' lang='lat' dir='ltr'>secutum,</span> <span class='ocrx_word' id='word_1_286' title='bbox 972 3905 1088 3960; x_wconf 88' lang='lat' dir='ltr'>alterum</span> <span class='ocrx_word' id='word_1_287' title='bbox 1106 3904 1151 3959; x_wconf 89' lang='lat' dir='ltr'>cui</span> <span class='ocrx_word' id='word_1_288' title='bbox 1167 3903 1287 3973; x_wconf 89' lang='lat' dir='ltr'>priorem</span> 
     </span>
     <span class='ocr_line' id='line_1_36' title="bbox 130 3987 1286 4064; baseline -0.01 -12"><span class='ocrx_word' id='word_1_289' title='bbox 130 3997 243 4052; x_wconf 83' lang='lat' dir='ltr'>deberet</span> <span class='ocrx_word' id='word_1_290' title='bbox 265 3999 386 4064; x_wconf 85' lang='lat' dir='ltr'>partem,</span> <span class='ocrx_word' id='word_1_291' title='bbox 409 3992 608 4050; x_wconf 71' lang='lat' dir='ltr'>absorbentem</span> <span class='ocrx_word' id='word_1_292' title='bbox 626 4005 791 4060; x_wconf 79' lang='lat' dir='ltr'>cognomen,</span> <span class='ocrx_word' id='word_1_293' title='bbox 815 3989 931 4045; x_wconf 89' lang='lat' dir='ltr'>alterum</span> <span class='ocrx_word' id='word_1_294' title='bbox 949 3990 1130 4057; x_wconf 88' lang='lat' dir='ltr'>omittentem,</span> <span class='ocrx_word' id='word_1_295' title='bbox 1157 4002 1236 4056; x_wconf 90' lang='lat' dir='ltr'>quem</span> <span class='ocrx_word' id='word_1_296' title='bbox 1257 3987 1286 4041; x_wconf 90' lang='lat' dir='ltr'>in</span> 
     </span>
    </p>
   </div>
   <div class='ocr_carea' id='block_1_4' title="bbox 131 4079 1079 4226">
    <p class='ocr_par' dir='ltr' id='par_1_7' title="bbox 131 4079 1079 4226">
     <span class='ocr_line' id='line_1_37' title="bbox 131 4079 462 4152; baseline -0.006 -16"><span class='ocrx_word' id='word_1_297' title='bbox 131 4080 283 4152; x_wconf 90' lang='lat' dir='ltr'>posteriore</span> <span class='ocrx_word' id='word_1_298' title='bbox 299 4079 462 4136; x_wconf 87' lang='lat' dir='ltr'>adhibuerit.</span> 
     </span>
     <span class='ocr_line' id='line_1_38' title="bbox 185 4162 1079 4226; baseline -0.004 -10"><span class='ocrx_word' id='word_1_299' title='bbox 185 4174 302 4226; x_wconf 75' lang='lat' dir='ltr'>Leipzigsr</span> <span class='ocrx_word' id='word_1_300' title='bbox 317 4173 418 4216; x_wconf 79' lang='lat' dir='ltr'>Studien.</span> <span class='ocrx_word' id='word_1_301' title='bbox 439 4172 477 4214; x_wconf 77' lang='lat' dir='ltr'>IX·</span> <span class='ocrx_word' id='word_1_302' title='bbox 1049 4162 1079 4212; x_wconf 89' lang='grc'>13</span> 
     </span>
    </p>
   </div>
   <div class='ocr_carea' id='block_1_5' title="bbox 0 0 1562 4902">
    <p class='ocr_par' dir='ltr' id='par_1_8' title="bbox 0 0 1562 4902">
     <span class='ocr_line' id='line_1_39' title="bbox 0 0 1562 4902; baseline 0 0"><span class='ocrx_word' id='word_1_303' title='bbox 0 0 1562 4902; x_wconf 95' lang='lat' dir='ltr'> </span> 
     </span>
    </p>
   </div>
  </div>
 </body>
</html>
