3108 4902
476 328 517 384 De
534 328 611 385 tastis
630 328 817 386 comitatibus
835 327 1033 399 antiquissimis.
1222 335 1223 339 ’
1268 329 1327 389 183

184 508 279 582 (uers.
295 504 335 567 35
348 500 453 579 Vabl.)
469 508 501 568 et
522 502 685 567 Lutatium
707 504 801 579 (uers.
818 502 931 576 53ib.).
959 501 1073 584 Neque
1095 500 1209 585 (lato,
1233 521 1328 585 quem

185 606 374 690 plerumque
393 597 457 672 ‘res
487 606 556 671 sine
584 603 766 670 nominibus
787 594 929 670 notusse'
955 603 1083 670 tradunt
1104 604 1214 687 Nepos
1236 602 1328 682 (Cato

187 710 218 785 3)
240 713 271 773 ct
292 707 415 773 Plinius
437 708 479 784 (n.
498 704 529 770 b.
551 706 580 788 8,
604 709 672 788 11),
702 704 826 773 duobus
849 707 903 789 qui
932 706 964 770 in
986 707 1121 773 seruatis
1143 706 1328 790 fragmentis

184 815 399 876 memorantur
426 809 504 875 uiris
533 808 567 873 L.
596 808 739 874 Mamilio
767 807 858 892 (frag.
888 811 928 872 25
956 808 1073 881 Peter.)
1110 807 1328 885 1111111111

184 911 344 996 (111183)
366 910 448 977 indit
469 912 667 994 cognomina.

270 1012 365 1097 Apud
381 1012 545 1079 Fabium
566 1013 770 1079 Pictorem
790 1012 913 1078 nullum
929 1017 1034 1079 exstat
1049 1032 1239 1095 cognomen3
1262 1012 1328 1080 clic-

185 1122 269 1182 tator
282 1116 358 1181 anni
372 1117 435 1178 264
451 1135 481 1180 u.
494 1135 520 1180 c.
540 1115 717 1198 fragmento
735 1117 773 1179 16
789 1120 921 1181 uocatur
936 1115 973 1179 A.
990 1115 1180 1181 Postumius.
1204 1114 1330 1181 Oassii

184 1218 382 1284 Heminae
416 1236 512 1282 unum
539 1222 660 1284 tantum
692 1214 846 1283 babemus
875 1217 996 1299 locum,
1032 1235 1094 1299 quo
1125 1217 1329 1299 magistratus

185 1320 322 1386 Romani
344 1319 539 1402 antiquiores
559 1320 776 1402 nominantur,
801 1318 1013 1402 fragmentum
1035 1321 1075 1381 20
1102 1337 1143 1384 ex
1165 1317 1276 1384 Oassio
1299 1325 1331 1384 et

186 1420 241 1488 On.
266 1420 371 1487 Gellio
400 1422 593 1505 exscriptum
622 1441 643 1485 a
671 1420 834 1487 Macrobio
864 1422 1141 1504 (111.1,16,21).
1192 1419 1256 1488 Ubi
1284 1420 1329 1486 le·

185 1525 290 1608 gimus
318 1523 460 1588 tribunos
487 1524 624 1588 militum
645 1522 720 1588 anni
743 1523 804 1586 365
827 1522 1023 1606 Verginium,
1046 1523 1199 1607 Mallium,
1222 1522 1330 1588 Aemi·

185 1625 275 1706 lium,
297 1624 505 1705 Postumium,
528 1621 730 1706 haruspicem
744 1623 780 1688 L.
796 1624 979 1707 Aquinium,
1002 1624 1162 1690 tribunum
1177 1626 1252 1691 anni
1269 1627 1331 1689 364

187 1726 225 1804 Q.
241 1725 428 1810 Sulpicium.

272 1829 455 1896 Pisonem
483 1828 517 1892 in
543 1826 703 1911 prioribus
730 1826 893 1893 annalium
923 1827 1013 1893 libris
1035 1847 1098 1893 non
1120 1826 1330 1911 adscripsisse

187 1932 387 2014 cognomina,
409 1930 586 1997 luculenter
607 1935 742 2012 apparet
758 1928 916 2012 exipsius
934 1929 1050 2013 uerbis,
1074 1948 1157 2012 quae
1178 1936 1251 1996 sunt
1266 1949 1331 1996 ser·

187 2040 276 2117 uata;
308 2052 382 2099 nam
406 2038 438 2099 11
459 2031 636 2116 fragmento
660 2034 699 2095 19
719 2024 768 2096 ‘L.
791 2030 1011 2114 Tarquinium,
1035 2032 1148 2114 inquit,
1172 2032 1331 2115 collegam

186 2155 288 2219 suum,
311 2136 387 2218 quia
401 2135 576 2218 Tarquinio
591 2133 719 2200 nomine
735 2137 828 2217 esset,
851 2123 1006 2199 metuere’
1021 2183 1028 2199 .
1044 2181 1052 2197 .
1071 2183 1078 2198 .
1101 2140 1134 2200 et
1154 2135 1331 2218 fragmento

186 2240 243 2303 21:
263 2232 315 2301 ίΑ.
338 2238 521 2303 Postumius
544 2236 681 2302 dictator
697 2235 786 2319 apud
807 2236 913 2302 lacum
927 2236 1089 2319 Regillum
1112 2238 1223 2303 castris
1246 2236 1332 2302 Lati·

185 2359 299 2405 norum
321 2339 513 2421 expugnatis
535 2339 575 2420 11,
598 2339 687 2405 cuius
710 2339 851 2404 maxime
872 2358 972 2422 opera
993 2344 1088 2423 capta
1110 2344 1225 2422 essent,
1248 2337 1332 2405 banc

188 2460 338 2508 coronam
369 2457 411 2504 ex
438 2437 561 2523 praeda
588 2430 695 2503 dedit?
743 2438 866 2505 Eadem
897 2441 1020 2507 ratione
1053 2441 1195 2507 tribunos
1227 2440 1332 2524 plebis

186 2562 270 2609 anno
292 2544 355 2607 283
378 2545 501 2607 creatos
516 2540 627 2606 Liuius
649 2542 691 2622 (2,
708 2542 747 2604 58
762 2567 805 2590 =
817 2539 892 2605 Piso
907 2540 966 2621 frg.
982 2542 1036 2617 23)
1057 2547 1167 2606 narrat
1181 2562 1201 2606 a
1215 2541 1332 2607 Pisone

188 2663 259 2712 esse
280 2643 460 2709 nominatos
482 2641 539 2708 On.
555 2639 706 2725 Siccium,
730 2641 765 2706 L.
780 2641 1006 2724 Numitorium,
1028 2641 1070 2706 Μ.
1086 2641 1259 2727 Duellium,
1275 2642 1332 2727 Sp.

187 2747 325 2829 Icilium,
347 2745 383 2810 L.
399 2745 571 2812 Mecilium.
609 2744 691 2810 Tum
705 2744 883 2827 fragmento
891 2744 911 2821 ¹)
935 2747 975 2807 24
992 2743 1104 2811 eodem
1127 2744 1332 2828 111111011-

189 2848 274 2914 cius
301 2847 397 2914 modo
427 2846 553 2913 omissis
575 2847 818 2930 cognominibus
846 2846 925 2913 dicit
950 2847 1115 2932 Maelium,
1149 2847 1332 2932 Minucium,

190 2948 354 3027 Quintium
377 2948 575 3031 dictatorem,
597 2947 769 3014 Seruilium
784 2950 971 3032 magistrum
987 2950 1129 3032 equitum
1144 2950 1231 3027 (anni
1247 2953 1332 3033 315),

188 3051 327 3135 denique
355 3051 533 3134 fragmento
564 3051 604 3114 37
634 3049 690 3134 Sp.
713 3049 858 3117 cassium
892 3051 1055 3116 consulem
1083 3069 1237 3116 annorum
1260 3055 1332 3136 252,

190 3157 262 3237 261,
286 3155 357 3220 268.
401 3153 508 3224 Etiam
529 3171 684 3217 annorum
708 3153 893 3217 44611449
916 3152 1063 3218 consules
1085 3151 1259 3218 secundnm
1280 3153 1333 3218 Li·

189 3257 277 3322 uium
298 3258 339 3339 (9,
355 3260 406 3339 44,
422 3258 440 3318 2
457 3285 499 3305 ==
514 3254 590 3321 Piso
605 3254 663 3337 lrg.
680 3253 732 3330 26)
756 3253 896 3319 caruisse
922 3252 1071 3319 uidentur
1092 3254 1332 3336 cognominibus

189 3356 278 3443 apud
299 3358 457 3423 Pisonem.
503 3357 627 3423 Primos
649 3355 761 3422 addito
793 3355 981 3439 cognomine
1010 3357 1190 3441 appellatos
1211 3357 1333 3423 inueni-

190 3479 260 3526 mus
288 3456 410 3524 aediles
440 3458 564 3524 curules
594 3458 670 3524 anni
699 3461 760 3521 455
789 3456 844 3524 On.
874 3456 1051 3524 Domitium
1080 3457 1248 3525 Caluinum
1277 3458 1332 3543 Sp.

190 3560 366 3629 Caruilium
387 3560 561 3627 Maximum
582 3563 761 3644 fragmento
781 3562 831 3624 28.

277 3662 338 3729 Gn.
363 3660 523 3728 Gellius
549 3670 677 3746 praeter
699 3664 789 3729 illum
811 3662 853 3728 de
875 3683 937 3746 quo
961 3662 1030 3728 dixi
1053 3663 1157 3728 locum
1179 3663 1332 3729 uicesimo

192 3771 303 3848 quarto
320 3781 447 3847 quoque
461 3764 638 3847 fragmento
658 3765 846 3848 simpliciter
865 3758 913 3829 ‘L.
930 3754 1074 3830 Furinm²
1094 3764 1253 3831 tribunum
1274 3767 1334 3831 mi·

195 3874 397 3885 ...----

277 3917 301 3979 1)
319 3913 449 3967 Extrema
465 3910 606 3980 fragmenti
623 3911 708 3968 uerba
727 3911 790 3968 inde
811 3912 846 3968 ab
867 3910 900 3970 ἐκ
917 3908 1085 3970 τούτουκαὶ
1102 3909 1154 3986 τὴν
1170 3913 1334 3983 ἐπωνυμίαν

193 3992 244 4068 τὴν
257 3994 340 4055 Ἄλαν
357 3995 436 4074 αὐτῷ
452 4000 569 4070 τεθῆναι
585 3997 716 4070 λέγουσιν
733 4037 779 4055 ...
802 3998 855 4052 alio
873 4013 907 4053 ex
922 3998 999 4053 fonte
1015 4014 1075 4055 esse
1091 4005 1198 4069 sumpta
1213 3999 1334 4056 indicant

194 4085 221 4135 11
238 4084 322 4139 uerba
337 4087 386 4140 καὶ
401 4084 569 4156 ..λέγουσιν
586 4088 614 4138 11
631 4083 807 4154 etymologica
824 4083 989 4153 cognominis
1007 4085 1111 4141 Ahalae
1129 4085 1281 4155 explicatio.
