3108 4902
338 382 399 441 248
763 383 901 439 conradus
919 383 1057 439 dichorius

338 561 399 622 553
419 550 551 622 ‘bellum
566 547 805 639 Philippioum',
829 559 890 620 562
905 549 1039 622 ‘bellum
1053 546 1300 639 Antioohmum',
1322 549 1457 622 5811111-

335 659 402 724 lum
424 653 610 739 Persicum',
645 661 707 722 604
732 652 864 725 ‘bellum
891 658 1045 723 Punieum
1074 650 1223 740 tertium’,
1257 660 1316 722 663
1341 650 1457 722 ‘bellun

335 759 529 826 Marsioum’.
567 757 618 824 Ad
634 760 702 826 eius
719 759 806 826 modi
820 758 1006 826 adnotatum
1027 759 1130 825 redire
1151 756 1230 825 illud
1251 777 1372 840 quoque
1385 762 1458 843 puto,

336 861 422 944 quod
443 862 541 928 habet
558 861 824 945 chronographus
846 883 929 929 anno
952 865 1013 925 475
1034 855 1190 928 ‘Sabemo
1206 866 1236 928 et
1250 852 1392 943 Pirrioo'‚
1410 880 1457 944 pro

332 959 535 1030 ‘Sauerrione
557 969 589 1029 et
604 954 717 1028 Mure'.
752 961 816 1029 Ubi
837 962 969 1028 subesse
988 952 1201 1045 ‘Pyrrhioum'
1227 966 1311 1027 reote
1332 958 1456 1026 animad-

334 1064 429 1131 uertit
450 1065 592 1131 Buboker
605 1058 817 1147 l‘Untersuoh.
840 1063 919 1129 dber
941 1062 972 1128 d.
989 1062 1134 1131 Glaubw.
1158 1062 1188 1129 d.
1210 1065 1332 1130 altrbm.
1348 1052 1455 1128 Gesoh.¹

333 1189 363 1252 p.
381 1166 471 1251 333),
500 1174 607 1233 tamen
630 1166 715 1248 quod
737 1170 839 1233 ortum
862 1185 932 1231 esse
953 1165 1016 1231 sibi
1037 1166 1194 1251 persuasit
1215 1184 1350 1233 errorem
1370 1163 1458 1231 oooiso

333 1271 432 1336 altero
455 1270 584 1335 oonsule
606 1269 639 1333 in
662 1268 746 1336 bello
768 1267 931 1353 Pyrrhieo‚
952 1287 1016 1333 non
1037 1270 1148 1352 probo,
1169 1267 1229 1335 sed
1249 1267 1352 1351 potius
1371 1266 1459 1333 refero

333 1370 376 1437 ad
394 1365 528 1438 ‘bellum
549 1361 748 1455 Pyrrhioum'
773 1374 917 1436 notatum
944 1369 977 1435 iu
1004 1371 1091 1436 fonte
1114 1368 1354 1454 Obronographi
1373 1368 1459 1434 tribus

332 1473 423 1540 annis
445 1478 527 1540 ante.
535 1474 559 1556 1)
593 1474 683 1553 Quae
698 1473 920 1539 adnotationes
935 1493 1007 1539 oum
1021 1472 1147 1541 alienae
1161 1474 1225 1539 sint
1243 1469 1458 1551 anoriensis,

333 1577 386 1660 qui
408 1583 534 1659 praeter
555 1575 797 1659 magistratuum
818 1574 946 1642 uomina
971 1594 1022 1641 res
1043 1595 1107 1642 non
1129 1574 1283 1642 exhibent
1304 1577 1459 1654 enarratas,

331 1698 394 1743 non
416 1698 457 1743 ex
479 1677 616 1763 simplici
637 1677 799 1744 nominum
820 1676 925 1743 indioe
946 1677 1144 1762 transscripti
1165 1684 1240 1744 sunt
1260 1676 1335 1742 fasti
1350 1673 1459 1760 Capito

331 1779 390 1845 lini
412 1786 443 1846 et
458 1778 733 1864 Chronographus‚
756 1780 814 1846 sed
836 1780 879 1846 ad
899 1779 1075 1864 pleniorem
1097 1780 1214 1846 librum
1236 1778 1375 1847 redeunt.
1408 1777 1459 1841 An·

329 1881 420 1948 nales
437 1889 543 1949 autem
558 1888 613 1948 aut
630 1882 809 1950 uberiorem
823 1881 989 1949 historiam
1010 1881 1128 1949 fontem
1149 1882 1242 1949 illum
1263 1883 1361 1948 fuisse
1380 1898 1460 1962 nego.

331 1985 429 2050 Immo
444 1984 547 2050 forma
561 1984 696 2067 aonoisa,
719 2003 783 2066 qua
800 1984 943 2068 singulae
961 1986 1138 2050 referuntur
1151 2003 1212 2067 res,
1234 1984 1341 2069 potius
1356 1980 1461 2048 indioat

331 2086 473 2152 tabulam
495 2086 761 2171 chronologicam,
784 2087 839 2152 ubi
861 2105 919 2151 suo
934 2105 1079 2169 quaeque
1094 2106 1177 2153 anno
1193 2086 1335 2154 breuiter
1348 2086 1462 2153 notatae

331 2194 421 2253 erunt
448 2206 500 2254 res
529 2188 669 2254 illustres
697 2187 849 2253 historiae
871 2188 1043 2254 Romanae.
1086 2190 1193 2271 Atque
1221 2209 1265 2255 ex
1288 2188 1396 2254 tabula
1414 2182 1464 2249 tali

329 2297 496 2374 excerptos
519 2309 589 2356 esse
611 2293 711 2356 fastos
726 2289 924 2374 Capitolinos
941 2310 980 2355 ao
995 2289 1248 2376 chronographi,
1271 2288 1465 2375 comprobant

328 2397 455 2474 praeter
483 2391 571 2457 bella
598 2390 759 2475 adscripta
786 2390 911 2473 reliqua
938 2411 1055 2475 pauca,
1085 2410 1167 2472 quae
1194 2391 1357 2459 nonnullis
1384 2388 1464 2457 anuis

328 2493 467 2559 breuiter
490 2493 682 2577 referuntur,
712 2494 796 2560 faeta
818 2493 967 2576 olariora,
996 2500 1032 2559 ut
1052 2514 1135 2560 anno
1158 2497 1216 2559 381
1245 2493 1465 2562 dissensionem

326 2594 408 2662 inter
421 2602 528 2679 patres
550 2605 582 2662 et
602 2596 731 2680 plebem
752 2595 793 2663 de
815 2595 997 2662 oonsulibus
1018 2594 1153 2680 plebeiis
1179 2596 1329 2664 creandis
1350 2614 1465 2662 enarra

326 2703 392 2764 tam
420 2698 555 2782 legimus
583 2699 644 2764 sio:
674 2693 848 2781 ‘(oonsules
871 2719 889 2765 e
910 2697 1020 2782 pllebe
1048 2697 1185 2781 primum
1213 2698 1318 2766 oreari
1345 2687 1466 2781 coepti,

325 2799 381 2865 ubi
404 2800 554 2866 omissum
576 2800 709 2866 uerbum
733 2791 830 2865 ‘sunt’
856 2818 983 2883 prorsus
1012 2799 1193 2865 tabularum
1220 2802 1347 2868 redolet
1373 2816 1466 2881 genus

325 2900 493 2966 seribendi.
531 2901 652 2966 Eadem
673 2900 927 2983 breuiloquentia
942 2898 984 2966 ad
1005 2920 1122 2966 annum
1138 2904 1199 2966 386
1221 2903 1382 2969 adnotant
1401 2898 1467 2966 fasti

326 3002 497 3086 Capitolini
525 3001 565 3069 de
593 3002 695 3087 primo
717 3003 843 3088 plebeio
865 3006 971 3069 oreato
994 3001 1147 3087 magistro
1168 3005 1316 3085 equitum
1343 2999 1468 3089 ‘primus

325 3124 343 3170 e
365 3096 473 3188 plebe’
501 3110 531 3171 et
554 3103 594 3172 de
615 3105 717 3190 primo
740 3105 867 3189 plebeio
889 3105 1053 3171 consulum
1068 3104 1202 3188 collegio
1217 3106 1263 3173 ad
1278 3127 1399 3173 annum
1413 3107 1467 3168 581

321 3201 430 3272 ‘ambo
458 3207 551 3291 primi
579 3206 620 3272 de
648 3199 769 3291 plebe'.
818 3206 1003 3274 Clarissima
1029 3207 1065 3272 P.
1088 3207 1180 3274 Decii
1202 3208 1302 3275 Muris
1337 3205 1469 3276 oonsulis

323 3329 408 3376 mors
431 3309 555 3375 duobus
577 3310 683 3374 uerbis
705 3317 869 3375 enarratur
890 3309 933 3374 ad
955 3330 1072 3375 annum
1089 3313 1150 3373 453
1170 3303 1246 3393 ‘(s)e
1271 3302 1430 3378 deuouit'.

408 3411 652 3494 Chronologiam
674 3431 750 3477 uero
773 3420 947 3493 sequuntur
967 3411 1043 3477 fasti
1065 3409 1236 3495 Capitolini
1262 3432 1357 3498 eam,
1381 3431 1469 3495 quam

323 3514 550 3581 constituerunt
573 3514 656 3579 eirea
670 3533 788 3579 annum
803 3513 889 3579 mbis
904 3512 1218 3597 septingentesimum
1232 3514 1364 3581 Atticus
1379 3520 1470 3596 atque

322 3616 471 3684 Tarutius
493 3614 544 3698 (of.
567 3634 644 3699 prae
667 3615 778 3682 ceteris
799 3616 917 3681 Matzat
931 3614 1022 3681 Rbrn.
1037 3613 1150 3679 Cbrou.
1171 3615 1187 3679 I
1208 3636 1239 3700 p.
1255 3615 1350 3703 345),
1375 3617 1421 3685 ita
1439 3617 1472 3680 ut

226 3759 234 3764 -
321 3718 406 3784 intra
426 3716 539 3801 uiginti
561 3718 699 3802 quinque
721 3717 786 3784 fere
808 3737 961 3784 annorum
982 3716 1119 3802 spatium
1141 3722 1243 3784 ortam
1265 3739 1343 3786 esse
1366 3738 1470 3785 reuen-

408 3889 431 3945 1)
455 3884 578 3941 Secunda
603 3884 703 3941 codicis
725 3884 940 3941 vindobonensis
962 3900 1057 3940 munus
1081 3884 1117 3940 ad
1139 3899 1239 3940 annum
1262 3889 1314 3940 512
1344 3884 1470 3941 adnotat:

316 3963 348 4026 ‘t
365 3968 428 4024 belli
439 3963 476 4039 p.’
489 3970 559 4036 (finis
571 3970 634 4025 belli
645 3970 764 4038 Punici);
783 3971 854 4040 quod
869 3987 929 4025 oum
947 3970 1015 4025 desit
1032 3971 1060 4025 in
1076 3969 1185 4039 reliquis
1202 3970 1278 4025 libris
1296 3969 1473 4039 manuscrip-

319 4056 368 4122 tis,
387 4071 440 4110 non
457 4054 520 4109 licet
543 4055 690 4121 affirmare,
708 4056 776 4111 fines
794 4071 900 4125 quoque
916 4056 1047 4111 bellorum
1063 4055 1092 4111 in
1109 4055 1243 4110 communi
1260 4053 1474 4125 Chronographi

319 4146 346 4196 et
363 4140 496 4197 fastorum
514 4140 725 4210 Capitolinorum
743 4139 819 4196 fonte
835 4140 920 4197 fuisse
936 4141 1045 4196 relatos.
