3108 4902
286 337 347 401 256
707 331 848 390 conradus
865 333 1005 391 dichorius

285 529 358 585 uem
380 506 528 590 sciamus,
548 504 660 572 horum
682 503 823 590 ipsorum
844 525 942 573 causa
962 505 1017 590 Sp.
1035 504 1160 574 Structo
1174 506 1273 573 alium
1288 505 1421 574 uindica-

286 619 353 680 tum
376 628 447 677 esse
467 608 501 675 in
522 607 613 675 fastis
635 607 822 692 Capitolinis
844 627 940 675 auum
962 607 1105 675 arbitror.

371 709 483 780 Simile
516 709 607 794 quid,
640 728 713 776 mea
741 707 868 790 quidem
896 710 1071 792 sententia,
1099 715 1232 795 apparet
1260 710 1293 776 iu
1321 710 1424 795 Iuniis,

286 833 366 898 quos
395 817 640 882 commemorant
668 830 826 878 marmora
853 809 1043 895 Capitolina.
1086 811 1171 877 Nam
1197 811 1226 878 41
1249 812 1291 877 M.
1313 813 1424 880 Brutos

286 915 446 998 ceterique
467 914 522 997 qui
543 922 633 982 sexto
655 913 853 999 septimoque
875 914 1004 981 saeculo
1025 913 1152 981 fuerunt
1170 913 1253 980 Iunii
1266 913 1357 981 Bruti
1371 913 1426 980 orti

286 1037 356 1087 esse
379 1016 566 1087 dicebantur
587 1037 628 1083 ex
642 1015 779 1083 blumio
795 1015 892 1083 Bruto
908 1016 1038 1084 consule
1057 1015 1132 1082 anni
1154 1020 1227 1098 245,
1250 1015 1426 1101 omnesqui

285 1120 384 1189 medii
404 1124 598 1205 ponerentur
612 1115 694 1184 Iunii
708 1136 839 1186 necesse
861 1123 930 1184 erat
951 1122 984 1184 et
1003 1116 1066 1202 ipsi
1087 1135 1263 1199 cognomen
1283 1124 1427 1201 gererent

285 1221 384 1290 Bruti.
417 1220 553 1289 Faciunt
565 1226 673 1287 autem
693 1224 802 1287 contra
816 1218 851 1286 0.
866 1218 975 1286 Iunius
996 1220 1106 1288 consul
1128 1239 1283 1287 annorum
1305 1222 1366 1286 437
1380 1239 1425 1302 sq.

286 1329 317 1392 et
339 1323 497 1391 4144144
518 1322 722 1404 4444441463,
744 1324 815 1389 477.
859 1321 1036 1404 Utrumque
1064 1320 1148 1389 euim
1171 1320 1205 1388 O.
1221 1320 1345 1387 Iunium
1366 1322 1426 1388 Bu-

286 1426 414 1493 bulcum
441 1424 606 1510 appellant
633 1422 829 1505 antiquiores
857 1423 976 1507 fontes,
1001 1420 1140 1506 ldatins,
1170 1423 1349 1490 Chronieon
1367 1423 1426 1490 Pa-

286 1527 395 1595 ochale
416 1524 528 1608 illique
549 1545 628 1608 quos
650 1524 792 1607 sequitur
806 1524 917 1592 Liuius
936 1546 1019 1593 nono
1035 1530 1067 1593 et
1082 1523 1205 1593 decimo
1228 1524 1310 1592 libro
1332 1525 1428 1611 scrip-

285 1634 372 1697 tores
398 1629 569 1695 annalium.
612 1628 655 1694 At
682 1627 855 1712 Capitolini
883 1627 974 1712 fasti,
1001 1626 1181 1711 ubicunqne
1208 1627 1256 1694 illi
1284 1628 1430 1711 leguntur

286 1730 320 1798 0.
336 1729 418 1797 Iunii
440 1729 498 1813 (sc.
513 1728 604 1797 anuis
619 1731 692 1815 437,
708 1734 780 1813 441,
796 1733 957 1812 442,443,
973 1734 1045 1813 445,
1061 1734 1132 1809 447,
1149 1733 1210 1794 452
1233 1735 1265 1796 44
1281 1730 1430 1814 triumph.

285 1837 358 1917 443,
373 1837 446 1917 452,
462 1830 538 1917 477)
553 1831 732 1916 cognomini
741 1831 877 1905 Bubulei
891 1831 1025 1899 alterum
1039 1831 1212 1898 adnectunt
1222 1831 1322 1915 Bruti,
1345 1831 1431 1913 quod

284 1934 403 2002 alicubi
425 1933 472 2002 eis
492 1955 555 2001 uon
577 1931 768 2001 adscribitur
788 1940 886 2016 atque
908 1953 970 2001 uno
992 1952 1031 2000 eo
1054 1933 1186 2001 consilio
1211 1932 1338 2000 uidetur
1360 1953 1431 2001 4444

286 2036 446 2120 additum,
475 2041 511 2103 ut
533 2034 681 2103 continua
702 2035 870 2101 Brutorum
892 2034 991 2102 series
1011 2034 1087 2103 inde
1107 2055 1129 2100 a
1149 2036 1185 2102 L.
1202 2034 1315 2118 Bruto,
1336 2035 1430 2103 liber·

286 2137 360 2204 totis
381 2137 509 2205 uindice
530 2136 685 2204 efficiatur
706 2134 749 2202 ad
763 2134 878 2202 Brutos
893 2137 977 2204 sexti
992 2137 1112 2205 4444411
1133 2156 1303 2222 eorumque
1325 2144 1431 2223 poste·

285 2259 347 2307 ros.
379 2238 536 2319 Quoniam
550 2243 656 2306 autem
678 2238 814 2323 primum
836 2257 907 2305 eam
929 2238 1042 2306 seriem
1065 2237 1271 2324 descripsisse
1293 2239 1432 2307 uidimus

284 2341 435 2426 Atticum,
457 2340 545 2406 haud
559 2340 638 2407 mihi
658 2339 770 2408 uideor
792 2341 898 2408 facere
920 2339 1082 2426 audacius,
1105 2339 1191 2424 quod
1213 2346 1245 2408 et
1257 2342 1432 2410 Brutorum

274 2441 429 2533 ¹additum
452 2460 626 2526 cognomen
648 2447 679 2510 et
700 2443 816 2510 falsam
838 2441 893 2528 Sp.
909 2441 1027 2510 Structi
1056 2449 1165 2511 notam
1190 2442 1432 2529 genealogicam

285 2545 327 2612 ad
348 2544 440 2613 illum
462 2545 581 2628 refero,
606 2544 724 2630 quippe
747 2544 800 2629 qui
822 2564 860 2612 eo
882 2544 1005 2629 studio,
1028 2544 1114 2626 quod
1135 2550 1268 2627 utroque
1289 2565 1432 2630 compre

283 2646 453 2715 hendimus
475 2648 561 2730 loeo,
591 2652 623 2713 et
646 2644 850 2714 Seruiliorum
871 2652 905 2713 et
924 2646 1088 2714 Iuniorum
1108 2645 1265 2728 redegerit
1284 2653 1433 2714 stemma.

285 2750 333 2819 Eo
348 2755 465 2832 autem,
488 2746 573 2829 quod
587 2751 754 2830 utrumque
775 2747 858 2815 redit
879 2748 913 2814 in
934 2748 1025 2815 144414
1041 2748 1238 2833 Capitolinis,
1254 2769 1349 2834 quam
1363 2770 1433 2816 ma-

284 2849 371 2916 xime
393 2847 595 2916 confirmatur
615 2848 688 2932 illa,
711 2868 806 2931 quam
828 2849 976 2934 exposui,
999 2850 1153 2918 sententia
1176 2870 1248 2918 mea
1270 2851 1311 2918 de
1333 2852 1434 2919 fasto-

284 2971 355 3019 rum
377 2949 627 3036 Oapitolinorum
656 2969 727 3017 cum
748 2949 845 3017 Attici
867 2951 976 3017 annali
1003 2951 1222 3020 coniunctione
1244 2958 1341 3035 atque
1366 2953 1436 3020 iam

284 3058 369 3122 certo
391 3053 466 3120 illos
488 3071 559 3120 esse
582 3056 748 3136 excerptos
771 3072 812 3119 ex
834 3052 943 3120 annali
964 3053 1069 3121 credo.

369 3154 476 3223 Unum
499 3161 606 3221 tamen
628 3158 743 3238 restat,
772 3153 858 3236 quod
879 3155 1036 3223 sententia
1058 3174 1098 3222 ea
1118 3160 1252 3241 accepta
1272 3155 1314 3221 sit
1336 3175 1437 3241 expe·

284 3253 446 3324 diendum.
490 3255 603 3339 Neque
626 3255 719 3339 enim,
741 3256 770 3322 si
790 3276 833 3323 ex
855 3255 937 3323 libro
958 3255 1176 3341 Pomponiano
1198 3277 1311 3325 reuera
1331 3256 1435 3325 fluxe·

283 3364 355 3427 runt
383 3357 458 3426 14441
480 3356 666 3443 Capitolini,
696 3355 754 3424 toti
783 3354 858 3425 inde
879 3365 1010 3443 possunt
1038 3379 1109 3426 4444
1130 3359 1235 3451 petiti,
1264 3379 1338 3425 nam
1362 3381 1438 3427 cum

285 3461 388 3529 editus
416 3458 458 3528 sit
486 3459 611 3526 annalis
638 3465 713 3526 ante
741 3479 859 3527 annum
887 3480 919 3526 u.
939 3480 965 3527 o.
988 3463 1067 3545 708,
1099 3480 1161 3543 quo
1190 3458 1299 3529 Cicero
1328 3462 1440 3530 emisit

283 3564 416 3631 Brutum
437 3582 529 3630 suum
551 3561 592 3629 de
616 3561 710 3628 claris
731 3561 924 3647 oratoribus,
947 3567 1057 3630 auctor
1078 3563 1258 3630 tabularum
1281 3564 1439 3650 Capitoli-

284 3685 410 3749 narum,
441 3683 520 3748 quas
548 3668 725 3733 exstructas
746 3664 780 3730 in
802 3664 892 3750 regia
913 3683 984 3732 esse
1005 3664 1089 3731 intra
1110 3685 1210 3734 annos
1232 3669 1294 3733 718
1316 3671 1348 3735 44
1372 3670 1442 3732 724
1534 3687 1535 3690 ’

284 3772 415 3851 constat,
430 3767 543 3852 uiginti
557 3766 625 3834 fere
641 3770 853 3835 extremorum
868 3786 1022 3835 annorum
1038 3768 1184 3835 consules
1200 3766 1330 3836 aliunde
1345 3787 1438 3836 sum-

284 3867 387 3955 psisse
415 3876 463 3937 est
487 3866 697 3936 arbitrandus.
743 3869 867 3936 Atticus
895 3870 1044 3937 annalem
1072 3869 1199 3956 scripsit
1226 3876 1299 3956 post
1328 3869 1445 3939 editos

284 3971 384 4039 libros
397 3969 557 4039 Ciceronis
572 3971 613 4039 de
628 3971 801 4057 republica,
817 3971 838 4039 i.
851 3992 879 4039 e.
893 3978 966 4057 post
981 3992 1097 4038 annum
1109 3976 1126 4035 7
1131 3976 1170 4039 03
1189 3972 1240 4055 (ci.
1254 3973 1447 4043 Mommsen

285 4073 377 4139 11444.
392 4071 506 4139 coron.
521 4094 552 4158 p.
571 4079 627 4140 141
646 4094 672 4141 c.
689 4073 762 4141 adn.
775 4077 835 4139 273
852 4079 884 4142 44
898 4076 1063 4142 Drumann
1081 4072 1300 4140 carcasona
1313 4077 1378 4146 uol.
1391 4077 1450 4145 VI
