3108 4902
416 297 457 352 De
472 297 549 353 lastis
568 294 756 352 consuantur
775 295 974 366 antiquissimis.
1209 295 1270 355 243

209 470 291 536 'l'um
312 468 344 534 iu
366 468 453 535 fonte
475 466 709 551 chronographi
730 465 822 532 multi
843 467 1000 549 consules,
1022 467 1093 551 pari
1116 465 1211 535 modo
1226 475 1273 534 at-

127 591 188 654 quc
210 571 243 637 in
265 571 474 637 marmoribus
496 568 693 653 Capitolinis,
716 568 798 636 binis
813 567 949 664 exhibiti
965 575 1056 635 crant
1078 569 1273 652 cognomini-

124 674 193 757 bus,
217 677 252 740 ut
273 670 348 739 iude
369 675 511 756 apparet,
536 669 621 754 qaod
636 690 732 755 saepe
749 668 886 737 cundem
907 669 1067 738 hominem
1090 671 1153 737 alio
1176 673 1274 739 refert

127 773 392 859 curonographus
415 772 601 856 cognomine
623 771 656 838 in
677 772 779 838 altero
794 771 971 854 consulatu,
995 789 1091 852 quam
1113 790 1176 854 quo
1199 793 1271 841 eum

126 875 251 943 dixerat
273 876 306 941 in
327 876 442 960 priore.
485 875 547 941 Pro
562 873 764 960 neglegentia
784 872 869 939 enim
890 893 958 955 sua,
982 893 1053 939 oum
1075 893 1116 939 ex
1138 874 1273 956 geminis

125 976 250 1059 singula
269 978 402 1060 eligeret
417 976 614 1059 cognomina,
637 996 700 1042 non
714 974 909 1060 respiciebat
922 974 1062 1056 reliquos
1078 974 1155 1058 eius,
1178 993 1272 1056 quern

123 1079 259 1163 scripsit,
285 1080 346 1145 uiri
372 1079 583 1163 magistratus.
615 1080 728 1161 Itaque
751 1078 788 1142 Τ.
804 1076 993 1159 Quinctium,
1016 1097 1111 1160 quem
1132 1078 1273 1144 insonte

123 1181 321 1266 appellatum
336 1175 670 1265 fuisse‘Oapitolinum
681 1170 870 1245 Barbatum?
888 1178 1054 1246 manifesto
1067 1179 1274 1263 cognoscitur,

122 1283 194 1367 ipsc
208 1282 474 1368 Ghrouographus
489 1282 522 1348 in
534 1301 592 1348 sex
607 1282 824 1349 consulatibus
838 1282 881 1347 ab
893 1301 931 1348 co
943 1281 1172 1348 administratis
1183 1281 1275 1348 dicit:

480 1381 606 1437 consulI
665 1384 728 1436 283:
764 1381 893 1436 Barbato.

484 1466 579 1521 consul
594 1466 622 1518 11
663 1470 727 1520 286:
762 1466 881 1521 Barbato
899 1467 934 1522 Π.

482 1551 578 1605 consul
594 1550 636 1604 III
666 1554 728 1604 289:
765 1551 926 1619 Capitolino.

483 1635 577 1689 consul
592 1634 632 1690 IV
667 1638 730 1689 308:
765 1637 885 1691 Barbato
902 1637 962 1690 1111.

482 1719 619 1779 comsulV
665 1722 727 1774 311:
763 1721 882 1776 Barbato
899 1721 932 1777 V.

484 1806 578 1858 consul
594 1804 633 1860 VI
668 1808 730 1860 315:
767 1805 916 1874 Capitolino
934 1805 980 1861 VI.

212 1908 324 1989 Aeque
356 1907 423 1991 Ap.
457 1907 652 1975 Claudius
680 1909 827 1977 refertur:
866 1913 927 1975 283
960 1907 1184 1991 Inreligicnse,
1214 1910 1274 1972 303

122 2010 245 2077 Sabino
256 2011 298 2094 Il,
321 2014 383 2075 304
397 2010 515 2078 Sabino
527 2011 588 2095 1113
612 2010 673 2096 Sp.
689 2012 872 2079 Larcius:
889 2015 950 2078 248
961 2010 1053 2093 Rufo,
1069 2010 1276 2076 tuchabori

122 2119 194 2198 (pro
216 2112 345 2195 Flauo);
374 2114 409 2178 L.
431 2112 661 2181 Lucretius:
690 2118 751 2180 363
779 2113 976 2199 Tricipitino,
1010 2115 1070 2178 371
1094 2112 1196 2180 Flauo
1217 2113 1275 2186 ΙΙΙ,

121 2218 186 2280 373
210 2214 386 2299 Tricipin05
410 2217 447 2281 T.
472 2214 699 2293 Quinctius:
723 2222 784 2282 400
808 2215 996 2302 Capitolino,
1020 2218 1080 2280 402
1096 2217 1208 2282 Panno
1226 2219 1273 2300 11,

120 2317 160 2384 G.
183 2315 413 2397 Poetelius,
443 2317 530 2382 cuius
552 2317 689 2401 primum
711 2320 908 2385 consulatum
931 2337 1035 2385 errore
1058 2317 1165 2383 omisit
1186 2317 1274 2384 chro-

118 2416 319 2502 nographus,
342 2417 375 2482 in
397 2418 497 2484 altero
519 2418 700 2502 appellatur
721 2423 807 2496 (408)
830 2420 940 2490 Visulo
955 2420 996 2502 ll,
1018 2420 1166 2485 intortio
1189 2421 1276 2498 (428)

119 2518 250 2585 Libone
264 2520 322 2585 III.
361 2518 487 2585 Certum
501 2519 659 2585 rationem
674 2520 706 2586 in
721 2519 877 2604 eligendis
891 2519 1132 2602 cognominibus
1146 2539 1210 2591 nou
1226 2525 1276 2586 est

122 2625 254 2688 secutus
270 2620 538 2704 chronographus,
560 2641 636 2687 nam
650 2641 722 2687 cum
744 2621 892 2702 sexagies
914 2628 962 2689 ter
984 2621 1018 2686 in
1039 2619 1130 2686 fastis
1147 2620 1273 2705 Capito-

123 2722 201 2789 linis
225 2728 351 2789 exstent
373 2721 479 2791 adhue
501 2723 578 2789 bina
598 2730 654 2791 aut
675 2730 766 2791 terna
781 2725 944 2791 consulum
966 2725 1164 2808 cognomina,
1186 2722 1275 2789 chro-

123 2824 312 2909 nographus
336 2823 502 2906 quinquies
525 2825 631 2893 decies
655 2826 792 2911 primum
815 2846 924 2893 eorum
938 2829 1042 2908 refert,
1065 2825 1275 2908 quinquagies

122 2926 273 3009 alterum,
296 2930 343 2992 ter
365 2925 501 2992 tertium.

213 3028 298 3094 Dein
319 3026 546 3111 genealogicus
569 3045 695 3109 quoque
717 3032 809 3095 notas
824 3028 857 3093 in
878 3028 952 3112 illis,
975 3048 1016 3093 ex
1039 3030 1154 3109 quibos
1169 3031 1275 3099 hausit

125 3127 400 3214 chronographos,
421 3129 513 3195 fastis
535 3128 712 3214 adscriptas
731 3129 830 3196 fuisse
852 3129 926 3196 inde
948 3132 1161 3214 cognoscitur,
1190 3133 1276 3214 quod

122 3229 159 3297 ci
177 3222 290 3313 ‘nepos
315 3231 495 3313 ubicunque
509 3231 604 3315 plene
616 3231 772 3314 scribitur,
788 3251 845 3315 pro
861 3232 1047 3314 cognomine
1059 3225 1120 3299 est'
1131 3235 1275 3313 (Momm-

120 3350 184 3398 sen
199 3330 220 3395 l.
236 3332 256 3395 l.
272 3351 303 3414 p.
320 3334 402 3411 483).

217 3432 329 3513 Neque
359 3433 488 3501 tandem
511 3436 595 3502 solos
618 3436 763 3502 consules
793 3443 993 3502 enumeratos
1021 3435 1119 3502 icisse
1149 3431 1276 3504 dicoin¹

120 3537 214 3603 fonte
229 3534 479 3620 chronographi,
502 3536 561 3603 sed
575 3537 780 3616 dictatores1)
795 3555 921 3619 quoquc
944 3541 977 3602 et
997 3538 1166 3620 magistros
1187 3539 1275 3621 equi-

216 3706 240 3768 1)
257 3700 410 3757 Dictatores
420 3718 512 3759 omncs
521 3709 691 3761 enumeratos
708 3704 843 3759 inuenisse
855 3704 883 3758 in
895 3704 970 3758 lonte
982 3720 1031 3758 suo
1042 3704 1276 3775 chronographum

118 3787 190 3842 inde
209 3785 406 3856 cognoscimus,
424 3788 496 3856 quod
509 3804 580 3842 anno
593 3792 643 3843 453
661 3820 693 3827 -
712 3804 773 3857 quo,
791 3804 846 3842 non
864 3788 1031 3844 exstantibus
1049 3790 1122 3860 apud
1138 3797 1276 3847 auctorem

120 3871 292 3940 consulibus,
311 3870 459 3928 dictatores
476 3873 559 3927 refert
576 3904 609 3912 -
627 3873 733 3942 utrique
751 3873 840 3927 iterati
852 3873 1024 3942 magistratus
1040 3875 1171 3930 adscribit
1182 3892 1274 3932 nume·

118 3971 196 4011 rum.
231 3956 376 4011 Praeterea
399 3957 459 4027 ipse
481 3958 701 4027 chronographus
725 3957 760 4012 ad
777 3972 877 4012 annum
895 3963 943 4012 tos
961 3959 1085 4015 adnotat:
1108 3954 1173 4017 <hoc
1191 3975 1275 4031 usquc

118 4042 274 4097 dictatores
291 4034 421 4098 fucruut'.
