3108 4902
451 339 494 393 De
510 337 590 394 fastis
608 335 798 391 commatibus
814 335 1017 405 antiquissimis.
1248 339 1307 400 197

146 516 248 582 videm
269 532 444 597 cognomen
466 511 614 578 scribitur
636 509 878 592 (In)regillensis
901 509 935 574 in
956 509 1047 577 fastis
1062 510 1254 595 Capitolinis
1276 520 1309 578 et

161 639 182 684 a
205 615 467 699 Ohrouographo,
490 613 679 696 Regillanus
701 632 722 676 a
743 611 889 678 Diodoro
912 618 944 678 et
967 611 1130 679 Suetonio.

244 719 336 801 Tum,
366 717 453 800 quod
481 717 611 799 grauius
641 717 738 781 etiam
768 720 817 780 est
843 719 1076 797 argumentum,
1099 716 1309 800 complurium

158 840 312 887 annorum
339 839 468 904 prorsus
500 819 583 886 alios
613 817 760 883 consules
787 822 884 898 atque
912 817 1085 882 laterculus
1108 816 1309 899 Capitolinus

158 929 214 989 aut
234 923 379 988 nominat
400 926 455 987 ant
477 921 510 985 in
532 919 620 985 fonte
642 939 699 985 sno
722 919 903 985 nominatos
925 918 1048 984 inuenit
1069 917 1201 983 idatius.

243 1024 287 1091 Ut
309 1024 385 1089 anni
401 1026 459 1088 361
477 1043 507 1088 n.
524 1043 551 1088 c.
568 1022 714 1089 consules
737 1020 805 1087 edit
827 1019 967 1104 eosdem,
992 1039 1071 1102 qnos
1086 1019 1198 1086 Liuius
1213 1027 1309 1104 atque

157 1125 320 1193 Diodorus
343 1125 391 1203 (L.
413 1125 607 1193 Lucretium)
629 1124 766 1189 Flauum
798 1128 830 1188 et
852 1122 931 1200 (Ser.
955 1122 1147 1206 Sulpicium)
1169 1121 1309 1189 Cameri-

157 1248 243 1311 num,
266 1249 339 1294 cum
361 1229 394 1293 in
416 1228 506 1294 fastis
529 1227 719 1312 Capitolinis
746 1226 810 1292 sint
837 1226 984 1292 consules
1012 1224 1165 1291 ordinarii
1187 1227 1309 1301 (secun-

158 1330 235 1395 dum
258 1328 558 1414 chronographum)
588 1329 783 1394 ..Valerius
812 1328 986 1392 Potitus..
1016 1327 1183 1393 (iornclius
1208 1326 1309 1392 Malu·

157 1432 317 1515 ginensis,
345 1431 471 1497 suffecti
500 1431 621 1496 Flauus
648 1436 680 1495 et
707 1430 903 1496 Camerinus.
948 1429 996 1495 Ac
1025 1430 1122 1512 plane
1144 1430 1310 1512 ignorasse

157 1532 298 1599 idatium
318 1532 496 1598 ordinarios
517 1533 672 1597 fastorum
687 1531 941 1614 Capitolinornm
964 1532 1110 1598 consules
1133 1537 1220 1598 certo
1236 1551 1310 1597 con·

158 1641 239 1717 stat,
262 1654 336 1699 nam
358 1635 414 1699 ubi
430 1634 596 1719 complura
611 1632 724 1698 eodem
740 1653 823 1698 anno
846 1634 1012 1699 consulum
1034 1634 1223 1716 legebantur
1246 1634 1310 1699 col·

158 1736 256 1819 legia,
278 1736 402 1801 ldatIus
417 1755 543 1819 semper
559 1734 748 1817 ordinarios,
763 1753 925 1817 nunquam
940 1734 1092 1801 suffectos
1108 1736 1199 1818 eligit
1213 1741 1311 1818 atque

157 1837 220 1903 hac
243 1840 315 1921 ipsa
338 1838 379 1903 de
402 1857 499 1904 causa
522 1838 640 1903 omittit
660 1856 778 1902 annum
794 1839 855 1900 310
880 1842 916 1901 nt
937 1856 1046 1902 omnes
1061 1855 1171 1916 annos,
1195 1837 1310 1919 quibus

156 1959 258 2024 penes
280 1941 424 2007 tribunos
447 1940 631 2006 consulares
651 1958 808 2005 summum
832 1943 900 2004 erat
914 1938 1094 2022 imperinm,
1118 1956 1311 2020 quamquam

158 2042 215 2108 illo
238 2063 321 2107 anno
344 2048 419 2127 post
440 2042 584 2108 tribunos
608 2042 708 2107 creati
730 2046 803 2107 sunt
825 2041 973 2106 consules
996 2039 1131 2106 suffecti.

243 2145 343 2211 Porro
366 2145 426 2210 sub
442 2164 525 2210 anno
541 2147 603 2209 276
619 2143 742 2209 idatius
758 2149 790 2209 et
805 2143 987 2213 chronicon
1001 2141 1161 2209 Paschale
1175 2140 1310 2224 perinde

158 2267 197 2313 ac
211 2246 387 2330 Dionysius
412 2249 453 2328 (9,
471 2250 523 2320 16)
546 2247 693 2312 consules
715 2245 880 2311 nominant
894 2246 930 2310 L.
946 2244 1120 2311 Aemilium
1143 2250 1176 2310 et
1197 2244 1311 2326 Esqui-

158 2347 270 2430 linum,
294 2366 366 2411 oum
380 2345 493 2410 Liuius
511 2345 629 2410 habeat
650 2345 686 2410 L.
702 2345 877 2411 Aemilium
891 2346 926 2412 C.
943 2345 1126 2428 Seruilium,
1149 2344 1311 2410 Diodorus

156 2445 306 2513 Actiacos
329 2444 494 2529 Αἰμίλιον
517 2444 701 2533 Μάμερκον
731 2444 834 2511 Γάιον
864 2445 1050 2530 Κορνήλιον
1072 2446 1266 2510 Λεντοῦλον
1277 2449 1311 2527 1),

245 2601 269 2664 1)
286 2597 399 2660 Nomen,
419 2595 491 2664 qnod
508 2595 606 2662 legitur
623 2593 698 2663 apud
709 2592 859 2648 Diodorum
871 2595 963 2659 Γαίος
976 2592 1137 2666 Κορνήλιος
1149 2598 1312 2660 Λεντοῦλος

157 2683 207 2749 (sic
220 2682 249 2737 in
262 2683 356 2736 codice
368 2681 482 2747 Patmio)
500 2683 658 2749 corruptum
670 2679 779 2735 uidetur
794 2694 890 2748 neque,
908 2685 939 2734 ut
955 2679 1079 2734 nonnulli
1096 2679 1243 2734 uoluerunt
1259 2679 1312 2733 uiri

158 2769 240 2833 docti,
253 2784 302 2836 pro
316 2767 474 2833 antiquioris
486 2767 630 2820 memoriae
641 2768 684 2819 cst
695 2765 850 2820 habendum
861 2765 984 2834 uestigio.
1009 2764 1115 2820 Primus
1128 2765 1198 2819 enim
1211 2764 1310 2818 Gorne-

157 2853 209 2907 lius
226 2852 370 2919 Lentulus,
388 2866 467 2919 quem
479 2852 612 2918 nouimus,
631 2855 674 2905 est
684 2849 717 2904 L.
730 2851 863 2905 Lentulus
881 2850 978 2906 consul
989 2853 1049 2915 427,
1067 2866 1155 2921 neque
1170 2851 1311 2920 quisquam

157 2952 213 2991 uno
224 2936 339 2991 Diodori
350 2936 410 2991 loco
423 2935 498 2990 nisus
510 2934 564 2988 iam
575 2934 657 2990 tertio
669 2936 777 2990 saeculo
790 2938 893 2989 statuet
903 2935 989 2989 fuisse
1001 2935 1141 3000 Lentulos,
1153 2934 1312 3004 praesertim

157 3038 219 3076 cum
237 3029 301 3076 ante
320 3020 463 3091 septimum
480 3020 556 3075 urbis
575 3019 699 3074 conditae
717 3020 855 3074 saeculum
872 3033 950 3073 nemo
969 3019 1102 3074 Lentulus
1119 3020 1235 3087 gesserit
1253 3019 1312 3073 Caii

156 3121 328 3176 praenomen.
351 3105 484 3176 Equidem
495 3112 562 3175 puto
572 3105 684 3159 subesse
693 3119 791 3158 nomen
800 3104 829 3158 O.
840 3104 948 3158 Seruilii
956 3103 1069 3171 Structi,
1081 3117 1160 3172 quem
1170 3103 1311 3159 nominant

157 3192 295 3247 consulem
304 3193 376 3247 illius
385 3192 448 3246 anni
457 3191 562 3255 Liuius,
573 3190 812 3258 chronographus,
821 3189 887 3243 fasti
896 3188 1052 3258 Capitolini:
1065 3203 1128 3243 nam
1138 3188 1237 3243 similes
1246 3191 1311 3242 sunt

156 3281 360 3329 οΘΡΟΥΙΛΙΟΟ
404 3276 533 3345 imagines
554 3276 692 3330 nominum
716 3290 809 3330 eorum
826 3283 907 3343 atque
925 3273 1035 3329 Seruilii
1052 3277 1080 3328 et
1098 3273 1216 3328 Cornelii
1237 3274 1310 3341 apud

158 3367 248 3416 ΚΟΡΝ
258 3366 360 3414 ΗΛΙΟΟ
404 3363 471 3417 alios
482 3377 587 3432 quoque
596 3366 722 3416 auctores
734 3360 805 3415 inter
814 3376 843 3415 se
853 3360 1065 3428 confunduntur,
1078 3362 1109 3414 nt
1118 3358 1192 3428 apud
1201 3358 1309 3412 Liuium

156 3454 182 3514 5,
193 3451 234 3502 36.
262 3447 372 3501 Lentuli
388 3451 479 3502 autem
491 3462 640 3515 cognomen
657 3451 715 3500 tum
727 3446 832 3501 demum
850 3446 964 3501 inlatum
981 3450 1057 3515 puto,
1075 3461 1136 3500 cum
1153 3444 1207 3498 iam
1224 3443 1309 3512 scrip·

155 3539 213 3587 tum
231 3536 303 3587 esset
322 3536 523 3587 ΚΟΡΝΗΛΙΟΟ.

242 3616 330 3672 Multa
347 3618 400 3671 alia
418 3634 524 3685 quoque
542 3622 671 3687 corrupta
687 3617 762 3686 apud
778 3617 928 3672 Diodorum
945 3617 1054 3671 nomina
1071 3615 1159 3670 redire
1182 3613 1309 3669 uidentur

155 3704 190 3758 ad
209 3703 329 3758 codicem
347 3703 523 3772 archetypum
540 3703 698 3758 maiusculis
714 3702 812 3757 litteris
831 3706 979 3766 exaratum,
997 3705 1029 3754 ut
1046 3705 1087 3755 est

319 3791 403 3853 11,cs
422 3792 559 3841 oraonu
668 3793 708 3853 12,
719 3792 750 3842 ον
775 3789 984 3841 creerruroo

344 3872 393 3925 pro
424 3860 561 3909 ouacou
683 3870 734 3924 pro
778 3858 985 3908 oueerruroc
1037 3823 1065 3874 et
1199 3888 1204 3895 2

389 3928 679 3989 12‚eaoouru<roo
751 3929 792 3988 11,
802 3928 835 3978 ca
861 3925 1160 3979 tevatoccrornroc

412 4006 462 4061 pro
489 3995 678 4046 ΟΟΛΠΙΚΙΟΟ
764 4007 815 4060 pro
861 3995 987 4048 λενκιΟΟ
1020 3994 1159 4044 ΙΟΥΛΙΟΟ

154 4082 215 4133 tum
234 4083 274 4145 15,
284 4082 315 4133 23
333 4078 433 4145 Δέκιος
449 4093 500 4149 pro
518 4074 640 4143 Λεύκιος.
