3108 4902
412 300 453 355 De
471 299 551 356 188118
569 300 758 357 consularibus
774 302 979 372 antiquissimis.
1210 306 1272 366 203

126 474 249 559 picium
263 471 479 556 Camerinum,
501 473 653 540 suffectos
676 473 822 541 consules
843 475 1037 544 recensionis
1060 476 1274 562 Capitolinae,

126 578 193 642 iarn
214 581 288 641 ante
308 576 497 640 notauimus.

207 667 307 754 'Quod
321 682 428 742 sutem
443 673 487 741 ud
500 677 630 742 nomina
643 677 770 762 singula
783 679 906 763 attinet,
929 698 993 745 non
1008 679 1111 745 solum
1125 680 1273 750 uidemus

126 779 161 843 18
184 779 329 845 omnibus
351 778 592 862 cognominibus
615 786 742 864 8188181
763 800 877 864 unum,
906 779 947 847 de
970 800 1033 864 quo
1056 781 1141 866 dixi,
1164 783 1274 850 (iorni-

127 881 225 963 cinis,
253 881 433 948 consentire
460 881 541 946 inter
569 900 604 947 88
631 881 770 947 Idatium
799 889 831 949 et
851 884 994 968 Liuium,
1025 882 1097 950 euin
1117 904 1139 950 a
1160 888 1273 954 ceteris

127 982 219 1048 fastis
241 983 371 1067 saepius
393 981 588 1066 discrepent,
612 982 670 1049 sed
693 1017 730 1027 -
755 984 841 1066 quod
863 986 1017 1052 maiorem
1040 986 1137 1052 etism
1165 995 1274 1055 mouet

126 1089 290 1167 stuporem
312 1118 352 1128 -
374 1084 408 1148 in
437 1085 562 1151 omissis
588 1104 715 1168 quoque
745 1087 987 1170 cognominibus
1015 1088 1112 1170 plane
1140 1107 1275 1172 congru·

125 1203 190 1250 ere.
224 1183 420 1267 Quocunque
436 1186 520 1250 enim
535 1206 618 1252 anno
641 1192 774 1269 uterque
796 1189 907 1254 consul
924 1188 1076 1259 ¹scribitur
1097 1189 1181 1255 binis
1204 1195 1275 1255 tan·

123 1292 193 1351 tum
214 1286 395 1352 nominibus
410 1285 498 1370 apud
512 1287 661 1371 idatium,
684 1287 795 1355 Liuius
810 1308 936 1372 quoque
953 1291 1070 1355 omittit
1084 1291 1274 1374 cognomina

123 1388 178 1464 (cf.
200 1390 261 1452 309
283 1387 325 1452 Μ.
341 1386 512 1471 Genucius,
534 1388 571 1452 P.
588 1387 757 1475 Curiatius,
780 1392 895 1457 81319
918 1389 953 1456 0.
976 1391 1086 1477 Iulius,
1109 1392 1145 1456 L.
1160 1392 1274 1476 Vergi-

123 1491 221 1573 nius),
243 1490 300 1554 ubi
321 1496 429 1556 autem
442 1490 565 1556 Idstius
580 1490 712 1557 alterius
732 1493 870 1559 consulis
891 1493 969 1560 bina
991 1492 1123 1560 exhibet
1143 1496 1275 1560 nomina

121 1590 259 1657 alterius
281 1595 380 1674 terna,
403 1610 504 1673 usque
527 1609 653 1674 quaque
676 1592 773 1657 etiam
787 1594 899 1660 Liuius
922 1614 995 1660 eum
1017 1601 1138 1661 tantum
1161 1595 1273 1663 addito

123 1692 225 1758 refert
236 1693 422 1775 cognomine
435 1693 606 1775 consulem,
620 1693 710 1758 ouius
721 1692 808 1777 apud
819 1693 958 1760 Idalium
970 1702 1076 1762 8118181
1087 1717 1273 1781 cognomen,

123 1792 262 1859 alterum
290 1800 397 1861 autem
425 1798 457 1859 81
484 1795 570 1878 ipse,
598 1799 633 1860 ut
653 1793 792 1878 Idatius,
821 1797 1028 1879 praenomine
1057 1803 1089 1862 et
1110 1799 1273 1880 gentilicio

123 1895 256 1960 nomine
277 1896 430 1979 appellat,
453 1901 488 1961 ut
509 1895 677 1961 1111111818
700 1897 772 1980 307,
794 1897 974 1980 Agrippam
987 1897 1119 1964 Furium
1142 1900 1220 1981 308,
1236 1900 1273 1963 L.

124 1996 243 2062 Iulium
266 1999 344 2079 324,
366 1998 408 2063 M.
427 1997 599 2064 Aemilium
623 2001 723 2073 344¹)

216 2235 240 2295 1)
257 2230 388 2283 11881288
402 2230 527 2284 88888188
539 2230 675 2287 1118118888
688 2231 728 2286 818
745 2231 840 2286 scribit
851 2231 1001 2288 Mommsen
1012 2233 1053 2300 (G.
1061 2233 1084 2287 Ι.
1093 2233 1125 2287 1..
1134 2232 1157 2298 I,
1165 2250 1193 2303 p.
1201 2238 1274 2302 490)=

118 2306 462 2382 ί118811118888118888,
485 2329 547 2366 8881
569 2315 712 2382 Dionysius
737 2320 764 2370 81
786 2316 1014 2386 chronographus
1040 2324 1115 2374 recte
1136 2319 1276 2374 nominent

121 2401 243 2456 alterum
260 2399 398 2453 consulem
411 2390 566 2453 ‘Priscnm'.
593 2398 688 2468 Neque
705 2404 795 2454 1118188
812 2404 885 2455 81181
896 2402 999 2456 Idatius
1016 2403 1045 2455 in
1063 2403 1275 2471 cognominibus,

121 2487 176 2541 sed
198 2486 279 2554 81888
301 2484 347 2537 alii
369 2483 488 2548 consuli,
517 2483 620 2538 scilicet
643 2483 949 2552 881111188881298
973 2485 1146 2542 tribuendum
1166 2487 1276 2542 uidetur

121 2571 211 2626 Fusci
228 2569 295 2624 illud
314 2583 470 2637 cognomen.
496 2569 619 2623 Duorum
636 2584 769 2623 annorum
786 2570 900 2637 collegia
917 2571 1069 2624 8888818118
1086 2570 1185 2625 desunt
1201 2572 1276 2641 spud

121 2655 243 2711 Idatium
267 2652 769 2720 811891888181881181289812911)
792 2660 874 2723 atque
896 2669 928 2710 eo
950 2655 1030 2710 modo
1052 2658 1119 2725 puto
1142 2654 1275 2712 excidisse

121 2741 186 2806 1118,
208 2745 239 2793 81
256 2754 274 2793 a
290 2738 398 2794 8881188
415 2736 461 2806 Sp.
479 2737 643 2792 Postumii
660 2738 815 2806 Regilliani‚
833 2739 952 2794 consulis
970 2742 1033 2806 288,
1057 2740 1162 2796 senune
1179 2741 1276 2796 oculus

122 2825 266 2881 aberraret
292 2823 327 2877 ad
349 2821 534 2890 cognominem
555 2822 619 2875 8881
642 2826 690 2876 299
718 2822 857 2877 88888188
883 2824 917 2879 Δ.
936 2823 1143 2878 Postumium
1166 2825 1274 2886 Album,

121 2910 311 2978 omnibusque,
330 2923 399 2976 quae
410 2905 662 2970 medisintererant,
680 2908 832 2962 nominibus
845 2908 958 2974 omissis,
976 2908 1067 2962 statim
1079 2909 1125 2977 Sp.
1135 2909 1274 2965 Postumio

122 2994 278 3062 Regilliuno
303 2992 406 3061 college
429 2990 538 3045 (18181111
559 2990 606 3059 Sp.
624 2990 724 3045 Furius
740 2990 839 3049 Fusus.
876 2991 1022 3047 Consulum
1042 2992 1124 3059 igitur
1147 2994 1215 3047 haec
1233 3001 1275 3049 881

121 3078 316 3135 constituenda
332 3076 405 3147 apud
422 3074 539 3129 idatium
556 3075 652 3130 seriesr

213 3183 262 3233 288
296 3177 497 3247 Regilliano
712 3175 769 3244 (Sp.
787 3175 985 3230 Postumius
1003 3176 1178 3245 1188118888.)

298 3268 325 3316 et
341 3262 445 3318 Prisco.
715 3260 757 3328 (Q.
777 3259 906 3315 Seruilius
924 3259 1053 3326 Priscus.)

215 3350 264 3401 289
299 3347 450 3416 Capitolino
713 3345 756 3411 (T.
775 3344 915 3412 Quinctius
934 3344 1122 3414 Capitolinus.)

301 3434 328 3484 81
344 3431 488 3486 Vibulano.
713 3431 755 3498 (Q.
773 3430 876 3485 Fabius
892 3428 1063 3497 Vibulanus.)

215 3519 263 3570 299
298 3515 368 3569 Albo
714 3516 757 3579 (Δ.
775 3513 974 3569 Postumius
991 3515 1096 3582 Albus.)

298 3603 326 3653 et
341 3598 461 3655 Fusco.
713 3600 770 3668 (Sp.
789 3598 889 3653 Furius
906 3597 1033 3664 Fuscus.)

122 3701 309 3756 Consentiunt
324 3700 406 3768 igitur
422 3701 451 3754 in
467 3701 510 3756 his
527 3715 634 3770 quoque
650 3701 721 3755 iuter
738 3715 768 3755 88
784 3699 887 3754 Idatius
910 3703 937 3753 et
953 3698 1062 3767 Liuius,
1074 3713 1172 3773 ‘neque
1190 3699 1277 3755 solum

119 3788 158 3843 in
175 3785 267 3840 eodem
284 3785 352 3840 Fusi
370 3786 534 3853 cognomine,
551 3802 601 3855 pro
620 3801 672 3854 quo
685 3783 862 3840 Medullinum
879 3783 962 3838 habet
970 3783 1115 3849 Diodorus,
1134 3783 1276 3839 sedetiam

120 3873 157 3926 in
173 3885 314 3940 perperam
340 3869 440 3939 8811818
461 3863 589 3936 ‘Fusco’‚
621 3869 693 3939 quod
717 3884 783 3924 8888
805 3868 834 3921 18
856 3866 979 3936 utrisque
1000 3867 1079 3923 fastis
1105 3868 1145 3923 sic
1168 3874 1276 3924 exstare

121 3969 207 4012 nemo
231 3955 382 4010 contendet.
417 3955 561 4010 Praeterea
579 3947 704 4010 ‘Album'
721 3953 805 4009 fnisse
827 3952 958 4021 scriptum
984 3969 1131 4021 cognomen
1156 3954 1278 4010 consulis

120 4042 163 4097 A.
181 4038 311 4095 Postumii
327 4040 356 4094 in
373 4039 448 4095 18818
463 4040 510 4095 illo
521 4040 602 4095 Idutii
618 4069 653 4081 —
669 4045 701 4096 ut
717 4037 790 4107 apud
806 4036 917 4092 Liuium
933 4052 966 4091 uo
984 4037 1142 4107 Dionysium
1159 4068 1194 4079 -
1211 4039 1275 4094 inde

180 4131 298 4185 Leipzigsr
310 4134 411 4178 Studien.
434 4133 472 4176 IX.
1040 4127 1072 4177 14
