3108 4902
274 295 335 353 212
696 294 834 351 conradus
852 294 992 351 Oichcrius

274 470 306 534 in
327 468 418 535 libris
441 466 575 534 Diodori
597 464 766 533 undecimo
795 474 828 533 et
855 466 1056 553 duodecimo,
1084 469 1126 536 ab
1148 468 1308 538 historicis
1331 490 1415 538 com·

273 570 437 637 mortariis
470 568 592 651 differt,
623 587 702 652 quos
728 568 793 634 illis
822 567 963 635 adnectit
996 576 1117 636 auctor.
1161 572 1301 639 Eosdem
1331 576 1414 641 enim

274 671 420 738 homines
435 671 529 737 aliter
543 675 639 736 uocat
652 668 813 737 Diodorus
833 671 957 752 quoties
972 672 1006 736 in
1027 672 1117 739 fastis
1132 674 1326 741 mentionem
1341 677 1416 744 facit

276 793 395 852 eorum,
418 772 512 838 aliter
525 772 650 854 quoties
665 772 699 836 in
720 778 1001 856 rerumgestarum
1017 776 1179 841 memoria.
1217 776 1261 843 Ut
1274 777 1415 844 Manium

275 874 449 941 Aemilium
460 893 544 939 anno
561 875 622 938 316
639 872 746 953 (Diod.
762 877 810 957 12,
823 875 876 949 38)
890 875 1050 940 tribunum
1065 879 1263 944 consularem
1278 880 1313 943 in
1326 880 1416 947 fastis

274 976 354 1043 dicit
374 976 578 1059 Mamercum,
600 995 684 1041 anno
700 977 761 1039 328
783 975 817 1041 in
831 977 1011 1043 narratione
1034 976 1222 1046 dictatorem
1238 971 1417 1048 M'.Aemi·

274 1080 368 1162 lium3
404 1077 522 1144 deinde
549 1077 587 1142 A.
618 1076 801 1144 Cornelium
827 1077 960 1145 Cossum
987 1081 1130 1146 nominat
1162 1083 1326 1148 consulem
1356 1086 1414 1149 326

275 1180 383 1260 (Diod.
401 1182 450 1262 12,
468 1179 530 1262 75),
548 1179 683 1246 eundem
698 1180 768 1245 sine
783 1181 972 1263 cognomine
986 1183 1171 1266 magistrum
1187 1184 1328 1267 equitum
1342 1186 1417 1251 anni

276 1285 336 1349 328
360 1283 393 1347 in
415 1282 595 1348 narratione
617 1280 724 1359 (Diod.
740 1284 789 1366 12,
805 1283 868 1357 80).
902 1282 1025 1350 Eadem
1046 1286 1169 1352 ratione
1190 1287 1340 1370 princeps
1363 1288 1415 1353 de·

275 1385 485 1452 cemuirorum
507 1384 568 1467 Ap.
591 1382 744 1450 Claudius
771 1404 855 1450 anno
878 1387 953 1468 303,
983 1405 1047 1468 quo
1076 1385 1250 1453 decemuiri
1271 1408 1335 1454 non
1355 1390 1416 1456 nisi

275 1488 309 1550 in
328 1487 430 1568 fastis,
451 1491 487 1550 ut
514 1485 718 1568 magistratus
741 1487 901 1570 eponymi,
930 1488 1117 1572 referuntur,
1146 1490 1335 1572 cognomine
1356 1491 1415 1556 Re·

275 1588 388 1671 gillani
417 1587 612 1654 condonatur
641 1587 748 1666 (Diod.
772 1590 827 1671 12,
843 1591 910 1673 23),
946 1591 1064 1657 omisso
1093 1597 1199 1657 autem
1230 1595 1416 1676 cognomine

274 1693 392 1776 legitur
408 1710 492 1757 anno
507 1689 652 1773 sequenti
667 1689 774 1768 (Diod.
794 1692 842 1775 12,
858 1690 910 1768 24)
934 1691 989 1758 uhi
1011 1693 1141 1776 copiose
1156 1700 1341 1761 enarrantur
1363 1694 1417 1761 de-

275 1795 485 1862 cemuirorum
505 1812 565 1859 res.
604 1791 684 1858 Cum
706 1792 803 1875 igitur
824 1793 858 1856 in
880 1812 920 1858 ea
940 1795 1046 1878 operis
1067 1794 1203 1863 Diodori
1224 1803 1332 1880 parte,
1354 1817 1419 1879 qua
1536 1872 1537 1883 ¹

275 1902 389 1980 gerunt
404 1895 594 1979 cognomina
609 1895 771 1978 consules,
794 1895 876 1960 inter
898 1914 933 1961 se
948 1894 1130 1980 discrepent
1150 1898 1224 1964 fasti
1247 1906 1279 1965 et
1300 1918 1419 1965 memo-

275 2001 342 2066 riae
364 1997 546 2082 historicae,
568 1997 665 2080 plane
687 2003 863 2080 congmunt
884 1998 918 2061 in
939 2003 1030 2081 parte
1049 2002 1235 2084 posteriore,
1259 2000 1314 2066 ubi
1335 2001 1419 2066 utin

276 2101 511 2169 commentariis
544 2100 590 2165 ita
622 2100 654 2163 in
686 2098 777 2165 fastis
810 2118 936 2183 quoque
969 2099 1190 2167 desiderantur
1218 2103 1418 2186 cognomina.

275 2204 381 2287 Atque
403 2200 486 2268 hanc
508 2199 638 2283 quidem
659 2206 783 2283 partem
804 2219 846 2266 ex
867 2221 930 2267 uno
957 2201 1135 2286 eodemque
1162 2204 1249 2270 fonte
1271 2223 1342 2271 esse
1365 2205 1419 2270 de·

277 2310 452 2389 sumptam,
482 2302 682 2387 comprobari
710 2301 790 2367 mihi
818 2302 945 2369 uidetur
972 2304 1047 2388 illis,
1078 2324 1160 2388 quae
1187 2306 1320 2373 adnotat
1341 2307 1420 2372 Dio·

276 2407 372 2474 dorus
388 2410 450 2490 (15,
468 2407 521 2484 61)
543 2404 585 2471 ad
606 2425 725 2471 annum
747 2407 808 2470 377
817 2429 824 2470 :
847 2402 941 2489 παρὰ
954 2398 1127 2489 Ῥωμαίοις
1150 2404 1275 2492 ἐγένετο
1292 2405 1420 2488 στάσις,

275 2511 342 2574 τιῦν
363 2507 423 2592 μὲν
439 2505 598 2591 οἰομένων
615 2505 683 2572 δεῖν
703 2501 861 2584 ὑπάτους,
883 2509 950 2572 τιῦν
971 2507 1007 2573 δὲ
1026 2502 1215 2595 χιλιάρχους
1235 2510 1420 2596 αἱρεῖσθαι.

270 2602 346 2676 Ἐπὶ
367 2610 427 2693 μὲν
450 2594 507 2675 σάν
534 2634 609 2674 τινα
634 2601 752 2694 χρόνον
782 2600 921 2693 άναρχιά
942 2606 1001 2695 τὴν
1029 2609 1147 2676 στάσιν
1167 2607 1313 2695 ὑπέλαβε
1332 2604 1421 2694 μετὰ

277 2711 313 2776 δὲ
340 2704 434 2776 ταῦτ’
460 2709 553 2787 ἔδοξε
578 2708 773 2794 χιλιάρχους
797 2709 971 2796 αἱρεῖσθαι
1000 2709 1048 2792 ἕξ,
1080 2715 1137 2779 καὶ
1165 2712 1422 2800 κατεστάθησαν

276 2811 422 2888 Λεύκιος
442 2810 607 2895 Αἰμίλιος
631 2813 687 2876 καὶ
710 2816 741 2875 Γ
739 2809 812 2888 άῖος
838 2804 1036 2897 Οὐεργίνιος
1055 2816 1111 2880 καὶ
1139 2818 1295 2900 Σέρονισς
1316 2817 1423 2882 Σουλ-

276 2919 398 2994 πίκιος,
421 2911 508 2999 πρὸς
530 2910 565 2978 δὲ
587 2910 718 2990 τούτοις
739 2912 886 2991 Λεύκιος
907 2916 1064 2992 Κοΐντιος
1088 2917 1144 2982 καὶ
1167 2916 1270 2993 Γάιος
1291 2917 1424 3004 Κορνή-

277 3018 362 3096 λιος,
392 3014 442 3082 ἔτι
464 3014 500 3081 δὲ
523 3013 625 3092 Γάιος
651 3008 841 3103 Οὐαλέριος.
884 3018 998 3103 Neque
1029 3020 1113 3085 enim
1141 3019 1194 3087 hic
1221 3026 1424 3106 potestesse

277 3122 419 3203 dubium,
443 3120 519 3203 quin
540 3119 670 3185 nomina
691 3139 750 3185 sex
771 3120 968 3187 tribunorum
988 3123 1181 3206 prompserit
1194 3122 1355 3190 Diodorus
1380 3142 1424 3190 ex

279 3223 393 3291 eodem
414 3228 553 3304 auctore,
576 3240 671 3304 quem
693 3222 836 3305 sequitur
857 3222 891 3287 in
912 3222 1069 3290 seditione
1091 3223 1267 3291 referenda.

362 3322 453 3403 Quae
474 3343 546 3389 cum
568 3324 614 3389 ita
635 3343 706 3390 sese
728 3321 869 3390 habeant
890 3323 971 3391 duos
992 3324 1128 3392 Diodori
1143 3346 1213 3393 esse
1236 3325 1425 3393 statuendos

277 3427 413 3494 arbitror
425 3416 537 3492 ⁴fontes
558 3445 664 3491 rerum
686 3426 909 3509 Romanarum,
938 3427 1073 3493 alterum
1103 3428 1158 3511 qui
1180 3429 1324 3495 omisisse
1346 3448 1426 3512 cog·

278 3529 417 3612 nomina,
439 3528 574 3594 alterum
597 3527 651 3610 qui
669 3528 816 3612 posuisse
847 3526 1003 3594 uideatur.
1046 3529 1095 3595 Ac
1115 3531 1329 3597 narrationem
1352 3531 1427 3613 qui·

278 3631 352 3698 dem
373 3635 474 3696 totam
496 3635 680 3714 excerptam
703 3648 773 3696 esse
794 3628 868 3696 dico
888 3649 930 3696 ex
950 3630 1007 3697 illo
1029 3631 1085 3713 qui
1105 3632 1212 3698 omisit
1232 3632 1432 3716 cognomina

277 3738 423 3815 auctore,
453 3732 552 3798 fastos
580 3737 687 3798 autem
720 3731 763 3817 ad
791 3737 937 3798 neutum
965 3732 1070 3800 redire
1092 3738 1191 3818 totos,
1220 3734 1278 3801 sed
1299 3734 1445 3819 priores.
1534 3770 1535 3825 ,

279 3832 419 3918 quidem,
440 3833 633 3918 ubicumque
653 3839 811 3918 apparent
832 3835 1032 3920 cognomina,
1061 3836 1188 3903 oriundi
1209 3835 1358 3903 uidentur
1380 3856 1434 3903 ex
1534 3830 1535 3861 ³

277 3938 345 4021 illc,
369 3936 423 4019 qui
438 3943 529 4003 terna
550 3936 678 4021 scripsit
698 3937 864 4003 consulum
884 3937 1022 4022 nomina,
1042 3939 1235 4023 posteriores
1251 3943 1357 4004 autem
1381 3957 1435 4005 ex

48 4108 54 4123 ,
136 4045 141 4055 ’
277 4060 326 4124 ec,
347 4038 433 4105 unde
454 4036 560 4104 hausti
582 4044 655 4105 sunt
676 4037 895 4106 commentarii
917 4035 1070 4108 historici.
