3108 4902
437 314 479 370 De
496 313 575 370 lastis
592 311 779 370 consularibus
796 312 994 383 antiquissimis.
1225 314 1286 374 213

233 486 277 554 Ut
297 491 402 552 autem
426 486 466 552 de
489 487 652 569 utriusque
674 486 770 552 fontis
789 484 897 552 indole
913 485 991 570 quid
1010 488 1154 569 sentiam,
1176 487 1287 569 paucis

148 608 323 671 exponam:
357 607 439 671 quae
467 585 619 654 historica
648 592 757 653 enotat
777 586 948 670 Diodorus,
978 608 1036 670 pro
1058 588 1288 671 antiquissimis

148 689 252 756 habeo
274 695 370 773 atque
391 689 631 773 pretiosissimis
653 708 772 771 eorum,
795 708 878 772 quae
900 687 1065 755 traduntur
1088 689 1128 755 dc
1151 690 1288 773 antiqui-

148 812 202 859 ore
223 790 357 858 historia
371 792 525 873 Romana,
549 790 726 874 haustaque
750 792 898 857 existimo
921 809 963 856 ex
984 791 1126 874 priorum
1149 791 1288 875 quodam

147 894 308 959 annalium
330 894 494 978 scriptore.
538 892 591 959 Ad
620 912 703 977 quae
733 912 828 976 quam
851 894 970 976 optime
994 891 1131 975 quadrat
1152 894 1287 977 species,

149 1015 242 1079 quam
264 1014 342 1078 prae
365 1014 400 1060 se
422 995 526 1060 ferunt
546 995 620 1060 fasti
639 995 821 1061 consulares
843 994 929 1078 apud
944 993 1121 1060 Diodorum
1143 993 1288 1060 inlibris

83 1140 87 1153 ·
147 1097 384 1180 posterioribus.
420 1096 505 1162 Nam
525 1097 622 1181 plane
640 1096 795 1178 similitor,
818 1101 913 1179 atque
935 1097 968 1161 iu
990 1097 1104 1181 priscis
1119 1095 1288 1162 annalibus

146 1200 245 1265 fastos
261 1199 395 1282 scriptos
410 1199 570 1264 exstitisse
587 1199 736 1282 imprimo
753 1198 888 1282 exposui
903 1200 1019 1281 capite,
1041 1196 1122 1264 haec
1136 1198 1290 1263 fatorum

147 1299 380 1365 Diodoreorum
395 1319 470 1383 pars
486 1299 629 1383 singulos
645 1300 791 1366 consules
813 1300 1073 1382 praenominibus
1088 1299 1168 1366 dicit
1188 1301 1289 1382 genti-

147 1402 293 1484 lioiisque
315 1402 505 1467 nominibus.
549 1401 663 1466 Utrum
685 1406 792 1466 mmen
810 1400 926 1468 Graeci
947 1403 1064 1468 luerint
1086 1402 1218 1469 annales
1242 1402 1290 1466 illi

146 1524 188 1568 an
209 1502 325 1584 Latini,
349 1520 390 1567 ex
412 1504 491 1586 ipsis
513 1502 613 1584 fastis,
637 1521 709 1568 mea
731 1502 861 1584 quidem
884 1505 1050 1587 sententia,
1075 1502 1161 1569 haud
1184 1509 1291 1588 potest

147 1602 317 1669 diiudicari
327 1607 359 1679 1).
1324 1590 1329 1599 ’

233 1703 350 1771 Contra
377 1710 412 1770 ut
439 1705 578 1788 priorem
608 1724 734 1789 quoque
762 1706 914 1771 fastorum
941 1712 1065 1790 partem
1086 1727 1188 1790 aeque
1210 1709 1290 1773 anti-

147 1826 243 1890 quam
260 1827 329 1873 esse
345 1813 503 1891 putemus,
528 1809 656 1873 omnino
677 1826 740 1872 non
761 1812 868 1891 potest
888 1806 968 1890 fieri,
991 1828 1063 1874 cum
1085 1827 1182 1891 supra
1203 1809 1290 1891 apu'd

146 1909 385 1992 antiquissimos
413 1928 556 1993 quosque
584 1909 747 1974 annalium
775 1915 920 1976 auctores
948 1929 1011 1975 non
1034 1910 1194 1976 exstitisse
1217 1930 1291 1993 cog-

146 2011 276 2077 nomina
295 2029 399 2094 neque
413 2030 570 2095 apparere
586 2029 625 2076 ea
639 2016 712 2077 ante
734 2011 861 2095 septimi
883 2011 1028 2077 exeuntis
1050 2011 1171 2077 saeculi
1193 2010 1291 2094 scrip-

147 2118 247 2196 tores,
275 2131 368 2177 ame
391 2113 432 2178 sit
454 2112 711 2178 demonstratum.
755 2113 867 2195 Itaque
889 2114 1024 2178 alterum
1049 2113 1169 2179 fontem
1190 2114 1290 2179 multo

148 2232 218 2280 esse
246 2219 351 2279 aetate
381 2214 562 2280 inferiorem
590 2215 690 2280 altero
720 2213 955 2281 adfirmauerim.
1001 2215 1085 2280 Nam
1114 2213 1292 2282 Diodorum

147 2333 210 2379 uno
232 2319 354 2378 tantum
376 2313 463 2379 fonte
487 2333 558 2381 esse
579 2335 672 2382 usum
695 2319 726 2381 et
747 2318 781 2380 in
803 2336 841 2382 eo
865 2318 984 2400 ubique
1005 2315 1168 2400 adscripta
1194 2316 1292 2382 fnisse

148 2416 355 2498 cognomina,
378 2415 484 2499 ipsum
506 2421 613 2480 autem
635 2416 813 2482 Diodorum
836 2418 869 2482 in
891 2419 1119 2501 posterioribus
1140 2418 1231 2484 libris
1253 2437 1293 2483 ea

147 2518 345 2601 neglexisse,
374 2516 435 2584 hac
457 2516 498 2584 de
522 2537 619 2584 causa
639 2538 703 2584 non
725 2518 801 2584 licet
821 2519 914 2601 poni,
944 2520 1021 2600 quia
1048 2526 1115 2584 tum
1137 2520 1293 2602 explicari

146 2621 266 2704 nequit,
289 2640 345 2685 cur
359 2619 488 2686 tandem
510 2621 544 2684 in
565 2621 672 2703 priore
695 2621 800 2704 operis
821 2626 912 2704 parte
927 2620 1088 2687 Diodorus
1103 2622 1293 2705 cognomina

88 2748 92 2755 ·
149 2722 181 2786 in
210 2723 393 2788 narratione
415 2728 537 2788 tantum
561 2722 712 2804 omiserit,
736 2723 769 2786 in
791 2721 882 2789 fastis
904 2741 981 2788 uero
1004 2721 1150 2789 ediderit.
1195 2722 1292 2788 Deni-

110 2853 115 2862 ,
150 2842 212 2905 que
233 2824 290 2889 uix
311 2823 471 2906 putandus
492 2830 541 2890 est
560 2823 733 2908 Diodorus,
749 2823 919 2891 Camillum
929 2827 953 2899 ²)
968 2825 1169 2891 notissimum
1184 2826 1292 2893 claris·

235 2974 259 3036 1)
277 2971 423 3026 Eduardus
440 2970 533 3040 Meyer
549 2972 595 3025 l.l.
608 2989 635 3041 p.
647 2976 695 3027 611
714 2971 777 3026 inde
801 2973 872 3041 quod
894 2973 976 3026 babet
992 2973 1126 3027 Diodorus
1143 2988 1190 3027 eas
1208 2974 1294 3028 nomi·

148 3072 214 3112 num
235 3056 337 3111 formas
361 3061 393 3110 ut
415 3052 570 3128 Φιδηνάτης
594 3061 675 3119 (anno
693 3060 753 3123 325)
779 3056 852 3124 apud
874 3055 987 3111 Diodori
1008 3063 1145 3111 auctorem
1170 3058 1294 3112 consules

148 3141 250 3197 conicit
271 3141 355 3196 ternis
377 3141 462 3197 fuisse
479 3147 649 3196 enumeratos
667 3142 819 3196 nominibus
838 3144 919 3208 atque
940 3140 1060 3195 ublatiua
1077 3142 1182 3210 quidem
1199 3140 1293 3209 forma,

146 3240 212 3281 nam
231 3222 387 3298 Φιδηνάτην
409 3231 498 3281 ortum
519 3241 579 3282 esse
598 3228 678 3296 putat
699 3240 732 3280 ex
749 3225 847 3279 Latino
872 3225 992 3280 ablatiuo
1011 3218 1175 3281 ‘Fidenate'.
1217 3225 1295 3294 Quod

148 3326 212 3365 cum
229 3325 279 3377 per
296 3327 325 3365 se
342 3326 438 3381 parum
455 3311 520 3366 mihi
537 3311 664 3366 uideatur
681 3310 832 3374 uerisimile,
851 3311 931 3380 plane
948 3311 1081 3366 refutatur
1098 3326 1140 3378 eo,
1157 3311 1230 3380 qnod
1247 3311 1294 3365 be·

147 3395 230 3463 migne
247 3410 289 3449 me
307 3396 512 3451 commonefacit
524 3397 633 3452 Curtius
643 3395 823 3451 Wachsmuth
833 3400 993 3465 praeceptor
1008 3396 1215 3451 illustrissimus:
1235 3409 1294 3449 eam

146 3495 230 3550 quam
246 3478 357 3547 legimus
376 3481 448 3550 apud
466 3480 615 3536 Diodorum
628 3477 785 3553 Φιδηνάτην
802 3496 866 3536 uere
883 3481 1014 3536 Graecam
1030 3479 1146 3535 nominis
1155 3479 1294 3537 Fidenatis

147 3583 210 3624 esse
226 3566 348 3632 formam,
366 3571 398 3618 ut
414 3572 546 3635 appareat
561 3582 595 3621 ex
608 3566 745 3635 Stephano
758 3566 889 3635 Byzantio
907 3581 929 3621 s.
939 3583 967 3620 u.
987 3561 1090 3637 Φιδήνη
1107 3564 1223 3620 dicente:
1246 3569 1295 3622 καὶ

148 3648 306 3725 Φιδηνάτης
322 3644 361 3716 (ὃς
373 3644 570 3725 Ῥαβεννάτης·
591 3643 666 3709 οὕτω
683 3648 740 3726 γὰρ
754 3649 859 3727 Χάραξ
873 3652 1006 3725 κέχρηται
1021 3647 1183 3723 Φιδηνάτης.
1212 3651 1294 3707 Prae-

147 3740 223 3792 terea
232 3735 423 3790 humanissime
435 3736 505 3789 alter
514 3739 677 3804 praeceptor
684 3735 851 3791 Ribbeckius
861 3735 966 3791 monuit
979 3735 1013 3789 de
1024 3734 1129 3790 Latinis
1139 3736 1232 3792 formis
1242 3736 1293 3792 Ga-

147 3822 255 3891 penatis
264 3820 392 3875 Ardeatis
400 3821 540 3889 Arpinatis
549 3819 730 3875 Ferentinatis
739 3826 766 3873 et
774 3836 844 3889 quae
853 3824 917 3875 sunt
926 3820 996 3874 uliae
1008 3819 1053 3885 (oi.
1060 3820 1145 3875 Prisc.
1152 3836 1179 3889 p.
1186 3825 1235 3876 629
1242 3821 1293 3887 R).

235 3910 260 3974 2)
277 3905 341 3960 Pari
362 3896 441 3959 modo
459 3903 595 3960 Diodorus
616 3904 684 3958 libro
708 3904 810 3960 decimo
834 3908 870 3975 (p.
881 3909 930 3960 348
948 3903 1050 3972 Didot.)
1073 3921 1134 3960 cum
1158 3905 1191 3960 de
1207 3907 1293 3962 Bruto

148 3993 242 4045 narret
259 4004 373 4060 eumque
390 3989 504 4045 stultum
521 4004 551 4045 se
568 3990 708 4045 simulasse
724 3988 834 4055 referat,
852 3996 941 4045 tamen
958 3985 1081 4048 Λεύκιον
1096 3980 1213 4047 Ἰούνιον
1230 3989 1295 4044 dicit

148 4089 349 4144 cognomenque
365 4089 478 4144 prorsus
495 4077 576 4131 tacet.
