3108 4902
286 294 349 361 252
710 290 850 349 conradus
867 290 1008 347 dichorius

287 467 395 535 buisse
416 483 521 546 neque
542 463 651 549 Nepos
678 461 836 547 significat
862 483 967 546 neque
993 461 1026 528 in
1051 461 1146 537 breui
1167 462 1278 530 tabula
1299 461 1428 531 chrono-

287 568 393 654 logica
404 565 612 652 probabiliter
619 566 777 633 statuitur.
799 563 933 633 Accedit
943 562 1030 648 quod
1039 584 1103 631 non
1113 564 1254 632 omnium
1265 563 1429 648 gentilium

287 671 365 738 dicit
374 670 482 755 Nepos
493 667 642 753 cognosci
655 666 797 752 potuisse
809 667 1001 753 propagines
1015 687 1056 734 ex
1071 665 1189 751 annali,
1204 665 1263 735 sed
1273 666 1427 735 clarorum

288 777 410 840 tantum
431 770 581 854 uirorum,
603 788 683 851 quos
705 769 851 837 consules
870 766 1045 836 dictatores
1060 768 1205 850 aliosque
1226 767 1427 850 magistratus

287 873 423 943 maiores
445 891 517 940 esse
530 870 626 939 facile
640 870 844 955 intellegitur.
880 870 981 939 Immo
996 871 1099 952 magis
1114 869 1285 939 artificiosa
1306 872 1427 940 ratione

287 996 378 1044 usum
401 994 471 1043 esse
492 973 642 1057 Atticum,
665 991 761 1054 quam
782 992 841 1057 per
856 977 1024 1039 stemmata
1045 971 1260 1040 enumerando
1274 971 1427 1057 homines,

286 1097 327 1145 ex
353 1075 460 1145 uerbis
487 1073 622 1160 Nepotis
650 1078 785 1160 apparet
813 1067 860 1141 ‘et
890 1075 975 1156 quod
997 1071 1218 1142 difficillimum
1238 1066 1323 1141 fuit‘.
1368 1075 1427 1155 Qui

285 1199 356 1245 cum
367 1178 454 1245 dicat
464 1168 665 1259 ‘subtexuit’,
680 1175 835 1243 rationem
850 1196 922 1243 eam
935 1175 1043 1259 docet;
1059 1175 1230 1243 subtexere
1244 1176 1329 1244 enim
1343 1175 1426 1244 idem

285 1281 372 1348 ualet
385 1285 482 1363 atque
493 1273 676 1361 innectere,
697 1269 902 1362 immiscere',
924 1297 1029 1362 neque
1043 1297 1106 1360 quo
1121 1277 1185 1346 alio
1200 1277 1299 1364 modo¹
1313 1298 1425 1363 genea-

284 1382 409 1468 logicae
430 1382 595 1449 consulum
616 1379 755 1464 origines
776 1378 867 1447 tastis
880 1378 1041 1463 potuerint
1054 1379 1228 1447 immisceri
1241 1379 1344 1467 uideo,
1364 1382 1425 1448 nisi

180 1546 182 1552 .
285 1504 333 1567 eo,
356 1503 418 1566 quo
440 1483 475 1550 in
495 1481 682 1569 Capitolinis
704 1480 822 1549 tabulis
843 1479 1003 1549 adduntur
1024 1481 1077 1548 uel
1099 1481 1308 1551 subtexuntur
1327 1483 1425 1551 nomi·
1452 1488 1457 1495 '

284 1585 378 1653 nibus
406 1583 633 1670 genealogicae
659 1581 890 1652 adnotationes.
933 1584 1017 1650 Nam
1046 1603 1087 1649 ex
1116 1583 1162 1651 eis
1184 1602 1310 1667 quoque
1332 1590 1367 1651 ut
1387 1606 1428 1653 ex

285 1686 391 1754 annali
414 1685 513 1753 Attici
531 1679 700 1755 ‘clarorum
729 1683 868 1753 uirorum
898 1685 1090 1771 propagines
1116 1705 1285 1771 possumus
1313 1706 1425 1772 cogno

285 1779 399 1874 scere,
421 1808 536 1874 nempe
554 1786 737 1874 compositis
751 1787 1006 1874 comparatisque
1019 1787 1101 1856 inter
1116 1807 1151 1854 se
1172 1789 1255 1855 notis
1270 1788 1430 1857 uariorum

286 1891 428 1961 eiusdem
449 1889 553 1978 gentis
574 1889 746 1957 hominum.
789 1891 902 1975 ltaque
924 1888 1065 1956 Atticum
1086 1908 1213 1972 quoque
1240 1891 1273 1956 in
1297 1890 1428 1959 chrono-

283 1993 388 2077 logico
409 1991 515 2060 indice
535 1996 629 2062 notas
650 1989 793 2077 suspicor
811 1990 1017 2075 adscripsisse
1039 1990 1082 2057 ad
1104 1991 1268 2059 consulum
1289 1993 1431 2078 nomina,
1532 2070 1534 2079 Α

282 2104 408 2180 patrum
437 2098 533 2175 atque
562 2113 693 2161 auorum
723 2093 895 2160 referentes
927 2093 1143 2176 praenomina
1185 2094 1300 2162 Libros
1334 2097 1432 2181 enim,
1532 2090 1534 2101 ⁴

284 2195 399 2279 quibus
421 2195 595 2280 separatim
617 2194 766 2261 tractauit
779 2194 905 2262 Atticus
926 2195 1147 2280 genealogiam
1168 2197 1264 2280 plane
1284 2195 1450 2269 diuersosi

283 2305 379 2381 atque
411 2298 560 2372 annalem
587 2295 738 2364 describit
763 2297 888 2381 Nepos:
916 2290 1084 2364 ‘familiam
1111 2319 1132 2364 a
1158 2298 1258 2383 stirpe
1281 2297 1324 2365 ad
1346 2299 1429 2369 hanc

283 2406 422 2468 aetatem
443 2398 554 2467 ordine
577 2397 787 2483 enumerarit3
816 2404 930 2467 notans
958 2399 1013 2483 qui
1034 2419 1055 2465 a
1077 2419 1139 2484 quo
1161 2408 1248 2467 ortus
1270 2418 1350 2482 quos
1372 2402 1427 2470 ho?

284 2521 378 2570 nores
401 2500 578 2585 quibusque
600 2501 796 2585 temporibus
812 2492 975 2586 cepisset',
997 2501 1043 2568 ita
1057 2507 1091 2568 ut
1105 2501 1139 2568 in
1160 2500 1207 2570 eis
1221 2522 1330 2570 omnes
1352 2524 1427 2570 enu-

138 2624 148 2628 ·
283 2611 420 2672 metatos
447 2603 544 2672 fuisse
573 2602 728 2687 gentiles,
757 2603 853 2669 etiam
874 2603 964 2686 iNos,
993 2603 1048 2685 qui
1072 2623 1135 2672 non
1156 2604 1354 2688 peruenerint
1381 2604 1428 2671 ad

283 2706 486 2789 magistratus
507 2706 641 2789 curules,
667 2705 799 2788 eluceat,
824 2724 895 2769 eum
917 2704 950 2771 in
971 2704 1080 2771 annali
1100 2725 1164 2773 non
1186 2705 1248 2773 nisi
1270 2706 1427 2773 clarorum

283 2807 421 2875 uirorum
441 2806 535 2874 luerit
556 2806 670 2872 habita
689 2805 781 2873 ratio.

366 2908 475 2976 Tertio
496 2908 567 2976 loeo
589 2907 631 2976 de
653 2906 769 2991 quibus
788 2905 868 2974 mihi
883 2913 932 2975 est
946 2906 1182 2993 disputandum,
1204 2927 1287 2990 quae
1302 2913 1427 2979 enatam

282 3011 314 3079 in
342 3010 433 3093 fastis
462 3010 652 3095 Capitolinis
681 3009 835 3078 adnotata
862 3010 1021 3078 nonnullis
1054 3009 1133 3078 locis
1165 3010 1250 3078 bella
1280 3011 1427 3094 aliaeque
1529 3078 1531 3099 A

282 3133 334 3181 res
349 3113 509 3197 clariores,
532 3132 626 3196 quam
649 3112 822 3180 maximam
838 3110 1057 3179 demonstrant
1071 3111 1311 3181 similitudinem
1332 3113 1426 3180 interP

282 3212 448 3283 cedentem
462 3216 544 3281 inter
558 3215 744 3282 laterculum
758 3213 971 3300 Capitolinum
994 3220 1027 3281 et
1040 3215 1188 3282 annalem
1198 3214 1305 3291 Attici
1328 3214 1426 3281 Nam·

282 3337 342 3400 que
361 3314 448 3402 apud
464 3315 605 3382 Atticum
627 3321 790 3383 enarratas
811 3316 909 3383 fuisse
932 3313 1030 3383 tradit
1050 3315 1177 3401 Nepos:
1199 3316 1298 3400 leges,
1319 3335 1430 3401 paces,

282 3420 377 3502 bella,
393 3436 444 3484 res
458 3415 597 3484 illustres
611 3417 723 3503 populi
737 3417 880 3484 Romani.
904 3417 1010 3499 Atque
1026 3417 1181 3485 bellorum
1197 3416 1326 3499 quidem
1340 3416 1428 3484 haud

280 3521 327 3587 ita
347 3540 450 3606 pauca
470 3517 671 3587 inueniuntur
691 3519 725 3585 in
747 3516 934 3605 Capitolinis
956 3518 1048 3587 lastis
1070 3519 1207 3604 uestigia
1226 3517 1275 3602 (ut
1293 3514 1428 3587 ‘bellom
1529 3608 1530 3611 Ἴ

281 3622 435 3689 Punicum
461 3611 624 3707 primum',
652 3615 786 3687 ‘bellum
811 3619 969 3688 Gallicum
992 3613 1203 3708 Cisalpinum’
1228 3619 1317 3705 alia).
1360 3621 1433 3688 Sed
1529 3650 1530 3701 ι

282 3723 377 3789 etiam
397 3742 448 3791 res
469 3723 609 3790 illustres
631 3722 789 3806 quaedam
810 3724 851 3788 in·
865 3724 952 3790 fonte
981 3743 1038 3791 suo
1059 3722 1238 3808 adscriptas
1267 3742 1342 3790 casu
1371 3742 1432 3808 poss

280 3823 343 3889 tius
365 3842 460 3905 quarn
483 3824 614 3891 consilio
636 3825 764 3892 retinuit
785 3823 927 3910 lapicida
954 3846 1146 3893 marmorum
1168 3825 1432 3909 Capitolinorum

280 3932 315 3992 ut
342 3933 477 3992 mortem
506 3924 768 4010 deuotionemque
790 3928 827 3993 Ρ.
849 3927 942 3994 Decii
964 3927 1070 4012 Muris,
1100 3927 1239 3995 consulis
1261 3930 1332 4011 459,
1363 3928 1433 4013 pri7
1528 3942 1529 4019 ι

280 4049 367 4097 mum
389 4027 550 4096 consulem
570 4029 731 4114 plebeium
754 4031 913 4098 annotat
939 4035 1080 4098 creatum
1101 4051 1127 4098 e.
1144 4049 1171 4097 o.
1207 4029 1271 4096 Res
1286 4029 1434 4098 illustres
