3108 4902
288 302 351 363 254
710 303 850 361 comanus
867 301 1007 360 dichorius

286 478 416 542 utuntur
429 473 686 560 praenominibus
700 473 820 559 plebeii
838 474 920 542 Iunii
933 479 1030 558 atque
1043 471 1180 556 patricii,
1195 492 1329 555 quorum
1339 493 1428 559 prae

286 576 415 646 nomina
436 576 543 659 Titus,
570 576 718 644 Tiberius
740 575 792 658 (cf.
808 576 877 643 Liu.
893 580 923 660 2,
939 583 975 659 4,
998 574 1092 642 Dion.
1116 580 1145 658 5,
1161 573 1195 660 6)
1217 580 1332 660 postea
1353 596 1429 643 nun·

287 699 384 763 quam
405 678 538 747 redeunt
558 678 591 744 in
612 684 717 761 gente.
757 678 853 745 Haud
875 684 983 746 tamen
1005 682 1054 745 ost
1075 676 1198 762 mhum,
1219 677 1308 762 ipsos
1323 678 1429 745 Iunios

286 786 417 866 propter
443 780 575 848 nomina
601 780 808 863 congruentia
832 799 867 848 se
888 788 1034 866 posteros
1056 778 1258 847 existimasse
1279 779 1317 846 L.
1332 779 1430 846 Bruti

287 883 391 967 Quam
406 902 473 949 rem
487 883 552 949 iam
566 881 756 950 Posidonius
772 881 903 950 tradidit
917 881 1015 965 (Plut.
1029 881 1117 950 Brut
1136 882 1175 965 1),
1190 882 1311 967 primus
1324 887 1431 949 autem

286 984 382 1053 docta
411 984 626 1070 disputatione
655 991 687 1053 ot
714 991 882 1052 stemmate
903 986 1064 1053 Iuniorum
1092 983 1262 1051 constituto
1286 983 1431 1069 plebeios

286 1089 402 1154 Brutos
424 1088 585 1154 rettulisse
607 1085 732 1154 uidetur
753 1085 797 1152 ad
817 1085 954 1171 primurn
972 1087 1134 1154 consulem
1148 1086 1219 1170 ipse
1233 1085 1368 1171 Atticus,
1391 1084 1432 1153 de

285 1209 349 1273 quo
363 1189 473 1275 Nepos
488 1188 568 1271 (Art.
586 1187 654 1273 18):
673 1184 762 1273 {fecit
782 1188 843 1256 hoo
863 1187 959 1270 idem,
982 1187 1094 1272 inquit,
1116 1187 1290 1273 separatim
1311 1187 1345 1254 in
1358 1187 1430 1254 aliis

284 1291 391 1374 libris,
419 1296 455 1357 ut
476 1292 517 1357 Μ.
532 1291 623 1357 Bruti
649 1297 763 1377 rogatu
783 1289 907 1357 Iuniam
933 1289 1088 1358 familiam
1115 1290 1257 1374 astirpe
1277 1288 1320 1355 ad
1347 1290 1431 1357 hane

286 1397 426 1459 aetatem
450 1391 561 1460 ordine
583 1391 826 1474 enumeranerit,
848 1396 963 1460 notans
985 1391 1040 1473 qni
1054 1412 1075 1458 a
1090 1411 1216 1476 quoque
1232 1398 1328 1475 ortus,
1349 1411 1430 1474 quos

285 1495 423 1561 honores
450 1493 628 1576 quibusque
649 1492 846 1579 temporibus
867 1484 1021 1579 cepisset?
1066 1493 1210 1563 Iudicem
1230 1494 1326 1578 igitur
1346 1494 1430 1561 Iuni·

285 1617 376 1664 orum
410 1595 651 1681 genealogicum
679 1595 857 1681 composuit
883 1596 1007 1663 Atticus
1035 1615 1136 1681 nsque
1165 1596 1209 1662 ad
1235 1597 1277 1663 M.
1298 1596 1433 1663 Brutum

286 1697 432 1765 Caesaris
454 1696 703 1781 interfectorem
723 1691 826 1764 ‘woau
848 1697 927 1765 aber
948 1696 1013 1765 viel
1028 1696 1203 1781 Brlindung
1224 1696 1433 1765 erforderlich

285 1790 379 1884 war’,
408 1798 584 1867 rectissime
605 1798 738 1866 adnotat
760 1798 885 1867 Teuffel
907 1797 1014 1881 (Rom.
1029 1799 1244 1883 Literatnrp.⁴
1261 1803 1331 1884 171,
1353 1799 1432 1883 21).
1527 1860 1528 1863 ,

285 1900 399 1985 Neque
420 1906 528 1968 tammn
550 1921 646 1968 unum
669 1900 902 1986 tyrannicidam
921 1921 1017 1969 auum
1038 1906 1178 1969 statuere
1192 1903 1233 1968 Μ.
1248 1901 1340 1968 Bruti
1354 1902 1434 1968 satis
1526 1964 1528 1967 ,

284 2003 464 2071 habuerunt
483 2004 635 2085 aequales
657 2003 758 2086 illius,
787 2003 846 2070 sed
867 2003 1003 2070 alterum
1025 2003 1122 2070 etiarn
1143 2008 1306 2071 maternae
1328 2003 1433 2087 gentis

284 2110 459 2190 posuerunt
474 2104 509 2172 Ο.
526 2103 696 2173 Seruilium
710 2104 859 2189 Ahalam,
882 2105 937 2187 qui
952 2105 1007 2190 Sp.
1022 2105 1173 2172 Maelium
1187 2105 1278 2190 regni
1291 2104 1435 2173 adfecta·

285 2215 404 2291 torem,
431 2211 467 2272 nt
494 2205 684 2290 uocabatur,
712 2213 891 2275 neoauerat.
933 2207 985 2273 Ab
1015 2228 1053 2275 eo
1081 2207 1165 2275 enim
1186 2213 1321 2274 matrem
1343 2206 1432 2274 Bruti

286 2308 457 2377 Seruiliam
480 2308 647 2376 oriundam
669 2327 741 2377 esse
761 2307 909 2377 dixeram
925 2307 979 2391 (cf.
992 2309 1076 2375 Plut.
1092 2309 1180 2376 Brut.
1200 2314 1215 2372 1
1232 2315 1265 2375 et
1286 2310 1433 2394 saepius;

284 2411 373 2478 locos
403 2415 569 2478 enumerat
589 2411 754 2478 Drumann
779 2408 889 2480 Gesob.
905 2411 1005 2476 Rana
1025 2412 1088 2478 uol.
1107 2410 1161 2495 IV,
1180 2431 1211 2496 p.
1238 2415 1275 2475 15
1298 2411 1372 2479 adn.
1388 2413 1435 2496 8).

284 2514 391 2596 Atque
419 2512 481 2580 hoc
508 2532 636 2595 qnoque
662 2534 720 2598 per
740 2514 981 2598 genealogicam
1003 2512 1159 2580 rationem
1182 2511 1436 2581 demonstratum

285 2635 356 2683 esse
377 2616 419 2682 ab
442 2614 547 2682 Attico
554 2665 563 2698 ,
592 2617 707 2701 colligo
737 2636 779 2683 ex
808 2617 878 2684 loeo
901 2613 1040 2699 quodam
1063 2615 1233 2683 Ciceronis.
1276 2614 1337 2695 Qui
1357 2636 1436 2683 oum

286 2716 475 2801 compluries
499 2715 601 2800 (Brut.
625 2724 675 2802 14,
693 2722 781 2785 53et
767 2722 847 2802 197,
864 2720 940 2793 331;
963 2717 1047 2785 Phil
1066 2717 1315 2804 2,111110,6)
1337 2718 1436 2804 origi-

284 2837 357 2882 nem
380 2817 468 2882 Bruti
491 2836 532 2882 ex
553 2818 632 2902 ipsis
653 2819 718 2885 illis
740 2818 899 2903 gentibus,
921 2819 1013 2886 Iunia
1034 2826 1066 2886 et
1085 2819 1238 2904 Seruilia,
1260 2820 1436 2907 praedicet,

285 2919 329 2986 ad
350 2918 490 2986 Atticum
516 2919 627 2986 scribit
655 2920 901 3005 quadragesima
927 2920 1043 2988 librit
1029 2922 1114 2989 tertii
1141 2921 1259 2990 decimi
1280 2924 1437 3009 epistula:

282 3016 352 3088 ‘ubi
373 3021 470 3106 igitur
491 3020 715 3110 φιλοτέχνημα
736 3021 818 3089 illud
839 3030 944 3108 tuum,
970 3022 1058 3107 quod
1079 3023 1176 3091 uidi
1167 3045 1200 3090 rn
1221 3025 1437 3110 Parthenone,

222 3204 224 3209 Α
286 3124 425 3192 Ahalam
453 3130 486 3191 et
507 3116 674 3192 Brutumt'
722 3125 788 3194 Ubi
814 3145 878 3192 non
907 3131 1014 3211 potest
1035 3124 1276 3214 φιλοτέχνημα,
1300 3135 1334 3195 11
1355 3149 1436 3196 non-

285 3226 365 3293 nulli
389 3227 538 3310 uoluere,
560 3225 652 3293 reddi
671 3219 829 3295 ‘deliciae'
834 3278 843 3312 ,
871 3247 975 3313 neque
997 3229 1129 3296 subesse
1151 3228 1276 3314 signum
1298 3250 1436 3298 marmo
1524 3304 1525 3311 ,

285 3349 391 3411 reum,
414 3333 446 3396 et
468 3328 559 3394 Bruti
581 3334 613 3395 et
633 3328 759 3396 Ahalae
780 3329 986 3397 simulacrum
1008 3330 1180 3413 continens,
1204 3351 1275 3397 cum
1297 3332 1358 3399 hac
1380 3354 1438 3401 no-

285 3429 372 3497 tione
393 3436 467 3516 post
482 3430 650 3497 Platonem
671 3450 734 3497 non
750 3432 875 3514 legatur
888 3433 1079 3500 uocabulum
1092 3432 1174 3499 illud
1187 3431 1273 3518 apud
1288 3441 1438 3503 auctores

284 3538 421 3600 ueteres.
459 3534 571 3614 Neque
592 3531 717 3600 Atticus
738 3537 805 3599 tam
826 3533 951 3601 ardenti
972 3534 1129 3601 libertatis
1145 3533 1256 3613 ,stude
1272 3535 1439 3605 Caesaris·

286 3654 348 3716 que
376 3634 543 3700 inimicitia
571 3632 734 3718 flagrauit,
764 3641 800 3701 ut
820 3637 886 3702 tale
908 3640 1145 3705 monumentum
1167 3637 1350 3704 faciundum
1373 3637 1441 3705 sibi
1504 3710 1508 3719 ,

285 3754 414 3803 curasse
428 3736 471 3803 sit
484 3735 654 3821 putandus
688 3739 790 3805 Irnmo
806 3736 1030 3826 φιλοτέχνημα
1044 3738 1218 3806 secundum
1233 3741 1331 3824 locos,
1353 3760 1441 3823 quos

284 3837 397 3904 laudat
418 3837 609 3922 Stephanus,
631 3838 812 3923 significare
832 3841 939 3924 potius
960 3840 1101 3909 uidetur·
1125 3835 1309 3908 ‘artificiose
1332 3848 1366 3907 et
1388 3843 1441 3909 di-

284 3936 386 4019 ligent
386 3955 420 4003 er
441 3938 573 4020 aliquod
594 3939 769 4007 conlectum
799 3931 896 4025 opus.³
943 3940 1013 4006 Hac
1040 3941 1197 4009 sententia
1219 3946 1325 4008 exstat
1346 3944 1443 4028 apud

284 4038 477 4123 Diodorum,
505 4040 671 4122 aequalem
699 4040 765 4110 fere
788 4041 950 4110 Ciceronis
971 4040 1017 4127 (3,
1032 4040 1103 4128 37),
1131 4043 1251 4111 dietum
1273 4043 1314 4112 dc
1335 4044 1443 4112 artifi-
