3108 4902
288 326 349 387 232
706 328 846 384 Corradus
863 327 1002 385 Cielrorius

370 499 421 566 Ex
444 498 615 567 duodecim
637 500 726 567 hisce
748 502 915 586 exemplis,
937 521 1002 584 qua
1022 501 1146 567 ratione
1168 501 1243 568 fasti
1258 502 1431 586 Capitolini

285 604 448 686 geminata
470 601 633 668 effecerint
654 605 854 687 cognomina,
884 605 949 669 iam
970 602 1007 669 fit
1034 604 1247 670 manifestum.
1292 604 1430 672 Ubicun-

286 723 348 787 que
371 704 456 769 enim
477 703 565 770 idem
581 705 720 771 consulis
735 706 870 772 alicuius
892 725 1070 788 cognomen
1088 711 1194 772 exstat
1208 705 1296 789 apud
1312 705 1430 772 Diodo-

284 825 364 890 rum,
387 805 473 890 quod
495 812 544 873 est
565 806 599 872 in
619 807 782 874 laterculis
801 806 987 890 Licinianis,
1011 806 1185 890 Capitolini
1207 827 1335 891 quoque
1357 807 1431 874 fasti

284 907 345 974 hoc
367 909 473 991 ipsum
494 928 590 974 unum
613 907 767 975 exhibent
779 909 812 992 ¹),
834 914 869 974 nt
890 929 973 974 anno
989 910 1051 972 278
1071 900 1261 974 ‘Structum'
1287 909 1343 993 Sp.
1359 908 1431 975 Ser·

284 1009 353 1074 uilii
375 1011 461 1089 (nam
484 1009 570 1093 quod
591 1015 760 1095 praeterea
782 1009 933 1093 supplent
953 1009 1087 1076 Hermen
1101 1008 1136 1075 C.
1148 1010 1165 1074 Ι
1179 1010 1215 1074 L.
1231 1011 1256 1093 I,
1271 1031 1303 1094 p.
1321 1013 1383 1074 425
1399 1016 1433 1076 et

282 1111 460 1179 Mommsen
486 1112 529 1178 ib.
551 1131 583 1196 p.
606 1114 668 1176 488
690 1112 796 1178 Prisci
818 1130 996 1194 cognomen
1024 1131 1088 1177 non
1110 1112 1215 1195 potuit
1236 1130 1308 1177 esse
1329 1112 1363 1177 in
1383 1113 1429 1178 la·

282 1211 369 1297 pide,
384 1219 420 1279 ut
434 1219 569 1298 apparet
584 1232 625 1279 ex
644 1213 748 1297 spatio
763 1232 876 1279 uersus
891 1212 1089 1297 deperditol3
1111 1233 1195 1280 anno
1208 1215 1270 1278 282
1282 1204 1427 1280 ‘Fusnm'

280 1316 318 1381 P.
344 1315 433 1382 Furii
460 1317 598 1383 consulis
626 1317 678 1394 (ne
707 1315 760 1381 hic
788 1314 919 1399 quidem
948 1316 1086 1400 spatium
1108 1317 1195 1399 capit
1217 1314 1313 1398 illud,
1342 1314 1432 1397 quod

280 1425 402 1501 ponunt
416 1417 547 1484 Henzen
563 1423 594 1483 et
607 1417 785 1484 Mommsen
799 1418 820 1482 l.
836 1418 858 1482 l.
880 1436 1056 1500 cognomen
1078 1417 1215 1483 alterum
1233 1415 1430 1501 Medullini);

281 1526 347 1584 tum
362 1539 445 1585 anno
458 1522 520 1584 294
533 1509 758 1586 ‘Publicolam’
777 1519 812 1585 P.
825 1519 947 1585 Valerii
959 1525 992 1584 et
1003 1522 1065 1583 295
1078 1510 1298 1585 ‘Vibulanum’
1317 1517 1354 1598 Q.
1365 1518 1429 1584 Fa·

279 1621 340 1703 bii;
364 1638 446 1703 quae
468 1621 659 1704 cognomine
680 1626 753 1689 suut
775 1619 890 1687 eadem
911 1620 998 1705 apud
1019 1620 1167 1705 Idatium‚
1190 1621 1328 1703 Liuium,
1350 1620 1428 1686 Dio-

279 1723 415 1806 nysium,
438 1722 617 1788 Diodorum
636 1728 669 1790 et
690 1723 723 1788 in
739 1721 897 1790 Chronico
911 1722 1070 1788 Paschali.
1106 1722 1298 1806 Ubicunque
1320 1728 1428 1789 autem

278 1824 368 1891 aliud
390 1825 525 1908 praebet
539 1825 680 1892 consulis
704 1844 883 1908 cognomen
897 1824 1069 1909 Diodorus,
1092 1824 1182 1891 aliud
1196 1825 1365 1891 Liciniana
1379 1845 1427 1891 re·

279 1927 398 2010 censio,
422 1927 567 1993 infestis
590 1927 974 2021 Capitolinisdutrumque
1002 1927 1156 2011 legimus;
1185 1926 1426 2010 quodquidam

278 2029 311 2093 in
334 2029 479 2094 omnibus
501 2029 702 2112 cognoscitur
721 2030 824 2112 annis,
849 2029 964 2111 quibus
979 2029 1142 2113 geminata
1162 2028 1316 2095 fastorum
1333 2028 1427 2113 Capi-

278 2131 448 2195 tolinorum
477 2132 667 2214 cognomina
695 2131 832 2197 conferri
861 2136 994 2215 possunt
1024 2151 1096 2198 oum
1125 2131 1290 2213 utriusque
1317 2149 1425 2198 reeen-

277 2232 376 2299 sionis
397 2233 559 2298 memoria.
794 2221 797 2228 ’

364 2385 388 2443 1)
408 2380 511 2436 Contra
527 2395 571 2435 me
587 2380 679 2436 facere
695 2397 767 2436 unus
783 2380 892 2436 uidetur
908 2381 1004 2436 consul
1020 2381 1086 2435 anni
1104 2385 1162 2448 302,
1181 2381 1280 2450 quial)
1297 2381 1425 2437 Henneno

276 2470 305 2519 et
321 2463 489 2521 Mommseuo
507 2466 562 2534 (ll.
574 2482 602 2535 p.
612 2470 671 2534 426,
683 2470 743 2533 443,
760 2470 822 2533 492)
838 2467 867 2520 in
883 2470 960 2521 textu
977 2466 1111 2521 fastorum
1128 2465 1342 2534 Capitolinorum
1359 2467 1425 2524 dici·

275 2556 332 2605 tur:
348 2544 391 2605 ιΡ.
400 2551 504 2607 Sestius
517 2550 546 2619 Q.
558 2550 578 2607 f.
590 2550 654 2606 Vibi
665 2568 692 2606 n.
711 2550 808 2621 Capito
819 2543 991 2618 Vaticanus',
1009 2568 1071 2606 cum
1083 2556 1110 2606 et
1123 2550 1260 2607 Diodorus
1277 2556 1305 2606 et
1321 2551 1425 2609 idatius

275 2650 335 2691 eum
354 2630 676 2706 nocent‘Capitolinum'.
703 2636 757 2691 Sed
770 2652 830 2691 cum
848 2637 945 2691 iterum
957 2637 1109 2705 iterumque
1120 2641 1271 2705 spectarem
1282 2640 1425 2705 atqueex·

274 2721 421 2774 eminerem
437 2721 466 2775 in
489 2722 601 2775 aedibus
619 2724 841 2777 conseruatorum
857 2721 947 2775 locum
963 2720 1039 2775 illum
1055 2721 1167 2789 lapidis,
1188 2721 1263 2776 haud
1279 2721 1345 2775 mihi
1362 2725 1425 2777 erat

274 2804 395 2871 dubium,
413 2805 486 2873 quin,
504 2805 576 2873 quod
592 2805 622 2859 in
638 2808 742 2860 textum
753 2810 914 2873 receperunt
929 2804 1063 2860 fastorum
1073 2804 1191 2861 editores
1200 2805 1332 2872 Borghesi
1341 2812 1425 2875 atque

274 2885 387 2942 Hannon
403 2891 514 2943 -ante
531 2903 578 2944 eos
594 2903 673 2944 nemo
690 2888 841 2944 litterarum
852 2888 967 2956 uestigia
979 2904 1048 2958 quae
1061 2895 1207 2957 supersunt
1222 2895 1379 2958 respexerat
1389 2919 1424 2928 —

274 2977 419 3027 ΤΙΕΑΝνὸ
442 2987 538 3028 reuera
561 2990 617 3030 non
638 2974 774 3030 exstiterit
795 2974 825 3030 in
847 2989 986 3030 marmore.
1022 2973 1099 3039 Quae
1119 2974 1222 3029 Romae
1243 2974 1425 3031 animaduerti

274 3075 347 3115 nunc
372 3059 524 3114 confirmari
545 3058 624 3115 uideo
646 3065 674 3115 et
695 3059 800 3129 ectypis
817 3059 990 3136 ‘chartaceia
1013 3074 1082 3128 quse
1104 3060 1206 3128 sumpsi
1227 3058 1374 3125 fastorum,
1396 3064 1425 3114 et

272 3145 349 3215 picta
366 3159 460 3199 eorum
476 3144 600 3213 imagine.
627 3145 694 3200 Post
711 3147 838 3198 οΑΡΙΤΟ
857 3145 927 3199 enim
944 3144 1083 3199 euidenter
1100 3144 1266 3214 conspicitur
1283 3148 1423 3214 punctum,

273 3229 346 3299 qnod
369 3230 428 3299 ipsc
450 3229 564 3285 adnotat
580 3230 691 3285 chzen
707 3245 734 3299 p.
747 3233 805 3296 443,
828 3235 855 3285 ct
875 3235 938 3299 post
961 3230 1028 3285 illud
1045 3228 1168 3299 superior
1184 3230 1281 3286 hastae
1299 3231 1425 3285 derectae

273 3320 400 3384 superest
415 3329 480 3384 pars
498 3320 562 3369 ante
577 3314 695 3370 fractum
712 3316 838 3384 lapidem.
872 3316 905 3370 In
922 3316 1007 3371 altero
1024 3315 1175 3384 fragmento
1194 3319 1342 3370 extremam
1358 3330 1424 3382 cog·

272 3400 338 3459 noui
360 3400 475 3457 nominis
497 3399 615 3456 litteram
639 3415 698 3455 esse
711 3392 755 3452 ‘s'
770 3406 801 3455 et
816 3400 924 3455 tertiam
941 3415 958 3454 a
974 3399 1028 3455 fine
1041 3393 1098 3454 (Μ’.
1133 3400 1209 3468 Quae
1229 3400 1337 3455 litterae
1360 3416 1425 3455 cunr

272 3485 373 3542 maiore
391 3500 472 3555 quam
489 3485 665 3555 plurimorum
682 3500 810 3540 uersuum
827 3484 989 3554 reliquorum
1010 3485 1081 3540 inter
1103 3500 1134 3540 se
1150 3484 1252 3541 distent
1266 3485 1424 3553 interuallo,

220 3574 223 3579 ’
273 3572 381 3627 οιιιιιὶιιο
398 3587 455 3626 non
472 3570 546 3641 capit
562 3572 679 3640 spatium
695 3571 799 3626 litteras
817 3575 952 3625 νΑΤΙΟΑ.
989 3571 1142 3638 cognomen
1159 3570 1241 3626 Sestii
1257 3565 1425 3627 fuisse‘Ca-

270 3649 435 3725 pitolinum'‚
454 3673 509 3712 non
523 3648 705 3726 ‘Capitonem’
723 3672 757 3711 ex
771 3655 891 3712 Diodoro
909 3656 1049 3724 Idatioque
1066 3656 1238 3725 intellegitur,
1255 3656 1348 3725 itaque
1364 3655 1425 3710 exi-

271 3741 351 3797 stimo
367 3741 510 3811 lapicidam
526 3742 641 3811 primum
658 3741 765 3811 quidem
781 3757 831 3811 pro
849 3741 940 3811 ignoto
957 3741 1010 3798 sibi
1028 3741 1185 3810 cognomine
1199 3740 1344 3811 Capitolini
1365 3739 1426 3795 fre·

158 3872 178 3901 ,
271 3826 482 3897 cruentissimum,
499 3827 573 3896 quod
584 3826 662 3885 nouit
673 3842 739 3883 suae
751 3828 856 3894 aetatis,
876 3827 1014 3898 Capitonis
1031 3826 1216 3898 inscripsisse,
1233 3827 1272 3880 ita
1289 3831 1321 3880 ut
1337 3825 1427 3882 fuerit

167 3898 200 3979 ζ,
270 3911 386 3967 lncisum
403 3916 555 3980 capilo-3
580 3928 641 3968 cum
662 3916 753 3969 autem
770 3918 866 3983 postea
883 3928 1000 3970 errorem
1016 3912 1282 3979 animaduertissent,
1308 3912 1367 3968 siue
1385 3911 1428 3968 ab

212 3996 222 4050 ἱ
270 3998 365 4079 eodem
382 3996 440 4050 siue
456 3999 492 4055 ab
509 3997 563 4053 alio
582 4014 634 4068 quo
651 3998 784 4068 lapidario
796 3999 915 4057 additum
929 4013 988 4056 esse
1001 4002 1095 4052 Lluvs
1112 4004 1140 4055 et
1157 3999 1197 4054 sie
1214 4001 1316 4054 rectam
1333 3996 1427 4052 nomi·

269 4080 445 4151 nis‘formam
461 4082 579 4152 prodiise
592 4077 771 4153 ‘Capitolini’.

270 4320 367 4432 θ’,
