3108 4902
436 319 479 372 De
497 318 574 374 lasus
591 317 779 374 consularibus
797 316 999 386 antiquissimis.
1234 318 1295 376 199

145 512 229 575 quae
245 512 286 557 ex
297 492 390 558 Liuio
404 492 561 574 nouimus,
578 491 788 574 collegiorum
800 491 1025 574 consularium,
1042 509 1083 557 ex
1098 490 1295 559 tribunorum

145 613 277 659 numero
294 594 397 660 electa
412 612 452 659 ea
467 612 538 659 esse
553 597 698 677 apparet
734 591 875 658 Idalium
890 598 997 658 autem
1017 593 1200 678 discrepare
1223 614 1295 662 cum

146 695 211 761 illis
233 695 415 761 auctoribus
442 713 482 760 ea
510 694 552 759 de
580 714 677 760 causa
704 693 909 761 statuendum
931 701 989 776 est,
1012 696 1089 777 quia
1109 696 1198 780 apud
1220 717 1294 764 eum

147 794 210 861 duo
227 795 375 879 leguntur
390 797 520 862 nomina
538 790 734 878 ‘Capitolino
750 801 782 861 et
796 786 925 861 Oarino'
944 796 1198 873 (Καπετωλίνου
1213 795 1250 863 τὸ
1268 795 1294 873 ς’

145 899 203 962 καὶ
224 901 437 984 Καμερίνου).
477 898 554 981 Qui,
582 899 610 964 si
636 899 671 963 in
698 898 785 964 fonte
814 918 871 964 suo
897 899 1073 965 inuenisset
1093 904 1220 966 notatos
1241 902 1296 965 tri·

145 1001 249 1067 bunos
270 1001 464 1083 consulares,
493 1000 578 1066 hunc
603 1019 721 1065 annum
743 1006 779 1065 ut
806 1019 916 1067 omnes
938 1001 1079 1082 reliquos
1108 1000 1295 1067 tribunicios

147 1103 323 1184 omisisset;
357 1122 429 1168 cum
450 1122 527 1168 uero
549 1104 679 1168 nomina
702 1101 870 1184 exhibeat,
900 1103 992 1184 sequi
1015 1120 1088 1168 eum
1109 1102 1297 1168 memoriam

146 1204 381 1288 discrepantem
403 1224 424 1269 a
445 1204 537 1270 fastis
559 1203 750 1288 Capitolinis
773 1204 887 1270 elucet.

232 1304 299 1372 Sed
320 1312 447 1389 praeter
469 1306 551 1373 haec
566 1304 760 1389 discrimina,
784 1325 867 1388 quae
889 1306 1089 1373 intercedere
1112 1307 1297 1373 obseruaui-

146 1427 217 1474 mus
240 1409 324 1472 inter
343 1406 508 1474 Idatianos
530 1406 793 1490 Capitohnosque
815 1408 925 1491 fastos,
954 1409 1181 1491 grauissimum
1203 1427 1298 1491 argu·

145 1513 289 1574 mentum
311 1509 488 1574 sententiae
510 1526 602 1572 meae
631 1513 704 1573 sunt
731 1508 813 1590 ipsa,
837 1526 919 1591 quae
941 1509 1039 1575 refert
1067 1508 1200 1592 idatius,
1224 1528 1299 1575 oon-

146 1610 253 1676 sulum
269 1610 469 1692 cognomina.
502 1607 626 1685 Quibus
641 1610 821 1675 accuratius
837 1612 1031 1694 comparatis
1046 1630 1118 1677 oum
1134 1611 1191 1695 eis,
1215 1629 1298 1694 quae

145 1711 285 1793 legimus
312 1711 346 1776 in
375 1711 465 1777 fastis
487 1710 631 1794 reliquis,
660 1710 747 1776 clare
774 1712 954 1794 apparebit,
976 1732 1040 1778 non
1061 1710 1194 1779 fluxisse
1216 1713 1299 1779 indi·

147 1832 218 1879 cem
237 1810 420 1878 Idatianum
442 1832 483 1879 ex
499 1811 693 1895 Capitolino,
716 1809 775 1877 sed
796 1812 960 1895 propriam
983 1813 1205 1896 integramque
1226 1813 1298 1880 red·

148 1914 226 1981 dere
248 1915 402 1983 fastorum
426 1916 641 1982 consularium
663 1914 893 1981 recensionem.

232 2017 338 2101 Atque
361 2019 534 2084 existumat
554 2018 731 2083 Mommsen
754 2037 842 2099 cum,
869 2036 965 2100 quem
990 2018 1200 2101 exscripsisse
1223 2016 1302 2084 dicit

146 2119 247 2186 fastos
270 2138 311 2185 ex
333 2120 488 2186 laterculo
504 2118 696 2204 Capitolino,
718 2119 901 2203 ubicunque
931 2119 966 2185 iu
986 2119 1043 2186 illo
1066 2120 1202 2203 singulis
1225 2139 1300 2186 con·

146 2221 271 2287 salibus
292 2223 386 2304 plura
408 2221 511 2287 indita
533 2222 597 2286 sint
611 2222 812 2304 cognomina,
835 2221 963 2305 singula
979 2222 1125 2305 elegisse.
1164 2221 1257 2299 Quod
1272 2223 1300 2289 si

147 2329 235 2389 esset
257 2341 378 2404 uerum,
410 2342 483 2386 rara
498 2324 677 2388 constantia
700 2322 735 2388 id
749 2324 864 2391 fecisse
887 2330 972 2390 esset
988 2323 1155 2407 dicendus,
1179 2325 1301 2409 quippe

147 2424 252 2507 quiin
269 2422 486 2506 compluribus
503 2422 677 2491 eorundem
692 2425 834 2489 uirorum
850 2426 1068 2491 consulatibus
1089 2425 1177 2491 idem
1199 2445 1301 2510 usque

147 2543 327 2607 cognomen
341 2522 505 2590 uideretur
527 2524 746 2607 exscripsisse.
780 2522 879 2607 Apud
894 2524 1182 2609 chronographum
1205 2528 1302 2608 euim,

147 2646 245 2710 quem
268 2626 342 2709 illa,
372 2645 468 2709 qoam
498 2625 577 2692 dicit
605 2626 801 2709 Mommsen,
831 2628 954 2694 ratione
983 2626 1083 2694 fastos
1112 2647 1187 2695 suos
1217 2648 1302 2693 com·

145 2730 296 2812 posuisse
319 2729 453 2810 scimus,
482 2747 580 2813 saepe
603 2729 766 2812 consules,
800 2729 915 2811 quibus
937 2750 1097 2796 marmora
1119 2729 1304 2814 Capitolina

147 2831 227 2896 bina
256 2828 335 2895 dant
364 2829 570 2913 cognomina,
598 2831 700 2897 altero
729 2831 892 2915 inpriore
914 2832 1081 2898 consulatu
1103 2833 1205 2899 altero
1228 2852 1302 2915 cog·

146 2933 279 2998 nomine
300 2932 505 3015 appellantur
526 2933 560 2996 in
582 2932 769 3015 posteriore.
814 2934 928 3015 Neque
953 2938 1062 2999 tamen
1082 2933 1181 3000 Idatii
1202 2934 1302 3000 fastos

147 3035 196 3100 ita
216 3032 290 3101 dico
313 3053 384 3100 esse
406 3040 501 3100 ortos.

234 3135 319 3200 Nam
348 3137 375 3201 si
405 3135 677 3220 composuerimus
704 3135 834 3201 nomina
862 3135 1029 3200 conanum
1058 3134 1206 3201 idatiana
1227 3136 1303 3203 inde

149 3236 192 3301 ab
214 3256 297 3302 anno
314 3240 375 3300 245
391 3256 421 3301 u.
438 3256 464 3302 c.
481 3236 524 3302 ad
539 3256 657 3301 annum
673 3238 731 3299 311
756 3255 828 3301 oum
844 3237 901 3319 cis,
917 3255 1001 3320 quae
1020 3234 1165 3303 eiusdem
1187 3238 1302 3304 aetatis

150 3336 284 3404 exhibet
306 3338 492 3422 Dionysius,
523 3337 668 3404 omnibus
698 3338 731 3402 in
753 3339 968 3423 quadraginta
988 3359 1052 3405 uno
1064 3343 1086 3415 ¹)
1109 3339 1302 3422 consulibus,

242 3491 266 3552 1)
283 3488 362 3540 Anno
381 3491 431 3541 288
443 3504 470 3542 u.
481 3503 505 3541 c.
536 3488 581 3556 Sp.
597 3487 754 3542 Postumius
772 3488 868 3542 consul
883 3488 957 3557 apud
974 3487 1092 3544 Idatium
1109 3493 1224 3542 uocatur
1238 3482 1305 3542 ‘Re-

150 3562 285 3639 gilliano',
312 3570 340 3623 in
366 3571 500 3626 Chronico
526 3571 655 3627 Paschali
678 3566 896 3644 ‘Peyriiravoi'‚
922 3572 996 3641 apud
1022 3572 1182 3641 Dionysium
1208 3576 1243 3640 (9,
1262 3576 1304 3639 60)

151 3657 308 3720 ΛΑΙΝ100,
331 3669 382 3722 pro
400 3656 497 3724 quibus
515 3655 617 3710 Reiske
635 3659 717 3724 atque
739 3656 787 3710 alii
810 3656 933 3711 scribunt
949 3649 1099 3711 ‘Albinus'.
1129 3656 1197 3711 Oum
1214 3662 1306 3710 autem

152 3739 299 3810 Dionysius
311 3739 513 3808 antiquissimos
522 3740 677 3794 Postumios
690 3740 763 3795 dicat
774 3741 870 3808 Albos,
885 3757 940 3796 non
953 3741 1066 3796 Albinos
1079 3741 1125 3806 (cf.
1135 3742 1214 3797 Dion.
1226 3747 1251 3809 9,
1261 3746 1305 3809 62)

151 3826 243 3893 potius
266 3823 439 3880 scribendum
456 3829 498 3879 est
516 3828 755 3898 ρεγιΛΛΙΑΝΙΟΟ,
777 3840 840 3880 nam
860 3825 947 3894 prima
963 3827 1102 3880 nominum
1118 3825 1305 3883 Romanorum

152 3909 257 3978 syllaba
274 3910 385 3979 saepius
402 3907 580 3978 supprimitur
596 3909 762 3979 aDionysia
781 3913 813 3964 ut
826 3925 898 3965 anno
909 3913 959 3963 289
976 3911 1074 3980 legitur
1088 3905 1245 3978 ιιουλανός’
1254 3928 1304 3980 pro

149 3992 348 4065 ‘vib-nlanus’;
366 3998 415 4049 285
430 3987 475 4033 ‘·—
495 3988 686 4063 Noasvcavo'c'
704 4000 732 4049 et
750 3998 800 4049 260
813 3988 859 4036 ‘—
878 3990 1030 4064 poscavoc'
1047 4013 1098 4065 pro
1113 3996 1306 4067 ἬαιΛΙομον·

734 4228 814 4290 blm&

719 4280 742 4337 ἓ
805 4271 834 4330 'a

702 4326 707 4377 ἕ
723 4325 831 4380 ‚Wlffl-

711 4389 826 4465 ison&
