3108 4902
439 331 481 386 De
498 331 577 388 fusus
596 331 785 387 consularibus
802 331 1003 402 antiquissimis.
1234 333 1294 393 189

233 505 338 588 Atque
360 506 549 589 plenissima
575 504 703 587 singula
731 504 860 570 nomina
888 503 986 570 edunt
1014 506 1088 571 iusti
1110 506 1295 591 Capitolini,

145 628 221 674 eum
243 613 369 691 praeter
390 627 588 691 praenomen
616 626 796 690 nomenque
823 607 1021 689 gentilicium
1045 610 1198 693 uniusque
1221 629 1294 675 oon·

145 710 226 776 sniis
249 710 390 792 singula,
414 710 505 792 bina,
529 714 621 774 terna
641 708 764 775 addant
784 709 976 792 eognomina
998 716 1030 776 et
1050 717 1218 794 praeterea
1238 732 1294 795 pa·

144 813 203 878 tris
219 831 346 895 quoque
362 817 394 877 et
415 812 468 877 aui
490 810 668 894 adiungunt
689 812 906 894 praenomina.
944 810 1000 875 Nil
1021 811 1084 877 nisi
1105 814 1295 896 cognomina

145 912 267 979 habent
280 913 413 994 Idatius,
434 911 615 979 Chronieon
629 910 798 995 Pasohale,
821 910 1110 995 Chronogruphus3
1132 913 1293 982 Diodorus

143 1035 209 1082 non
232 1015 346 1081 eadem
368 1016 402 1079 in
424 1020 491 1081 toto
513 1033 611 1098 opere
633 1015 757 1080 ratione
780 1014 927 1081 eonsules
949 1015 1100 1097 nominat,
1123 1034 1198 1079 nam
1219 1022 1294 1083 ante

143 1137 263 1183 annum
279 1120 339 1182 327
355 1137 384 1182 u.
401 1136 427 1182 o.
451 1117 545 1183 toties
567 1117 634 1182 iere
655 1122 747 1182 terna
765 1117 900 1200 praebet
921 1117 1052 1182 nomina
1066 1117 1193 1199 quoties
1209 1117 1293 1201 bina,

143 1224 218 1302 post
239 1220 330 1285 illum
353 1239 471 1285 aunum
486 1221 647 1285 rarissime
663 1224 785 1283 tantum
801 1219 993 1302 cognomina
1008 1220 1119 1301 refert,
1142 1238 1216 1284 nam
1232 1220 1291 1282 331

144 1326 177 1387 et
199 1321 347 1388 eonsules
370 1326 403 1386 et
422 1322 505 1388 alios
527 1322 614 1387 uiros
631 1319 710 1385 dieit
724 1321 793 1386 sine
808 1321 1009 1404 cognomine,
1032 1326 1155 1404 septem
1171 1324 1293 1386 tantum

142 1421 326 1490 hominibus
346 1441 386 1489 eu
407 1424 526 1489 tribuit.

228 1525 377 1607 Denique
399 1543 440 1590 ne
455 1524 567 1590 Liuius
590 1523 721 1607 quidem
737 1530 769 1589 et
783 1525 957 1607 Dionysius
980 1525 1014 1589 in
1036 1523 1215 1592 scribendis
1237 1543 1293 1590 no-

141 1627 282 1692 minibus
297 1626 360 1692 sibi
374 1631 530 1707 constant,
553 1644 625 1691 eum
639 1644 699 1708 pro
713 1624 863 1708 fontibus,
887 1644 967 1708 quos
983 1617 1114 1708 quidem
1133 1631 1292 1709 secuntur,

142 1733 199 1793 aut
221 1718 343 1794 addant
364 1728 556 1810 cognomina
577 1732 642 1791 aut·
655 1727 811 1791 omittant.
847 1726 961 1810 Neque
977 1728 1075 1811 igitur
1089 1728 1174 1793 Liuii
1188 1747 1294 1810 neque

141 1830 293 1912 Dionysii
321 1849 416 1914 posse
444 1828 509 1894 diei
536 1829 637 1895 fastos
665 1835 816 1911 apparet,
845 1829 965 1913 quippe
988 1831 1045 1912 qui
1070 1849 1145 1896 suos
1165 1850 1230 1895 non
1251 1850 1294 1896 ex

142 1950 206 1997 uno
228 1930 408 2014 eodemque
429 1935 560 1997 auctore
582 1931 786 2014 sumpserint,
810 1928 868 1995 sed
889 1929 972 1995 alios
994 1931 1028 1994 in
1050 1930 1123 1995 aliis
1138 1931 1229 1996 libris
1244 1949 1293 1995 se·

142 2033 207 2098 euti
230 2033 294 2099 sint
315 2038 470 2099 auctores.
515 2032 554 2097 Id
576 2051 653 2115 ergo
676 2032 769 2098 nobis
792 2036 841 2097 est
862 2030 1072 2115 studendum,
1096 2038 1131 2098 ut
1152 2031 1195 2098 ud
1217 2050 1292 2099 suos

142 2153 289 2218 quaeque
308 2140 454 2201 auotores
470 2135 644 2201 referamus
659 2140 755 2218 atque
770 2139 837 2200 tum
854 2133 981 2199 demum
996 2124 1037 2199 rie
1053 2134 1188 2218 singulis
1210 2133 1292 2199 iudi·

140 2255 260 2303 nemus.
298 2235 393 2313 Quod
407 2241 515 2303 tamen
535 2235 607 2302 fieri
627 2255 692 2302 non
713 2242 829 2319 potest,
852 2237 915 2302 nisi
936 2242 1033 2303 antea
1052 2238 1194 2319 reliquos
1216 2255 1291 2302 exu-

83 2361 86 2367 ’
138 2338 369 2404 miuauerimus
391 2336 500 2404 fastos.

617 2506 819 2514 .—--———-

532 2705 675 2774 CAPUT
697 2705 905 2773 ALTERUM

303 2856 363 2935 De
383 2859 496 2956 fustis
522 2854 645 2933 Idutr'r'
670 2856 910 2958 Carnutesque
935 2856 1128 2936 Poooholrlr

224 3048 364 3114 Idatinm
394 3051 426 3112 et
452 3044 602 3111 Chrouioi
631 3045 799 3112 Paschalis
835 3051 997 3112 auctorem
1030 3047 1126 3129 plane
1159 3046 1290 3113 eosdem

138 3151 218 3217 dare
246 3151 346 3216 fastos
375 3149 558 3215 consulares
587 3148 652 3213 iam
680 3147 806 3231 pridem
831 3147 981 3213 uiderunt
1005 3147 1067 3214 uiri
1088 3148 1192 3230 docti,
1226 3167 1291 3231 qua

137 3260 248 3318 tamen
268 3252 351 3317 inter
373 3270 408 3317 se
431 3247 624 3317 cohaereant
646 3250 769 3314 ratione
793 3254 825 3314 et
843 3268 906 3331 quo
921 3255 1054 3333 uterque
1069 3250 1182 3316 redeat
1195 3250 1289 3314 later·

138 3354 240 3435 euius,
263 3371 357 3417 nemo
380 3350 487 3418 adhue
508 3357 594 3418 reete
617 3349 697 3416 mihi
718 3350 845 3416 uidetur
867 3352 1065 3435 exposuisse.

224 3453 273 3519 Ao
301 3453 478 3520 Mommsen
507 3452 638 3536 quidem
666 3452 769 3525 (Rom.
793 3449 906 3519 Ciroo.
928 3456 1038 3536 p.109
1062 3473 1108 3537 eq.
1132 3459 1165 3520 et
1192 3452 1287 3536 Oorp.

137 3558 235 3622 Inser.
252 3555 321 3620 Lat.
337 3554 363 3637 1,
381 3574 412 3637 p.
429 3557 502 3631 484)
525 3554 567 3622 de
583 3555 717 3622 Graecis
733 3554 883 3622 Chroniei
903 3555 1069 3622 Paschalis
1092 3555 1183 3621 fastis
1206 3552 1288 3621 haee

138 3657 275 3724 iudioat:
295 3649 373 3739 ‘ipsi
395 3662 468 3723 sunt
489 3656 530 3722 de
554 3657 669 3739 quibus
687 3656 784 3747 modo
805 3656 946 3722 uidimus
961 3655 1100 3721 idetiaui
1116 3675 1158 3722 ex
1171 3656 1286 3722 Latino

138 3779 284 3826 sermone
307 3759 341 3822 in
363 3756 521 3823 Graecum
543 3749 715 3841 oonuersi',
744 3776 849 3840 neque
874 3764 980 3824 tamen
1003 3759 1192 3824 senteutiam
1216 3778 1288 3824 eam

139 3862 326 3946 comprobat
351 3860 557 3941 argumentis.
600 3858 765 3926 Idatianos
793 3866 901 3926 autem
928 3859 1027 3926 fastos
1056 3860 1187 3927 haustos
1216 3879 1287 3926 esse

139 3964 313 4028 existumat
334 3981 375 4028 ex
399 3958 505 4024 indiee
528 3967 680 4043 excerpto
704 3979 745 4025 ex
767 3960 857 4027 fastis
873 3960 1073 4045 Capitolinis,
1097 3962 1210 4028 sedne
1225 3959 1287 4026 hoe

138 4063 270 4146 quidem
293 4069 379 4129 serto
402 4061 642 4128 demonstrauit.

1031 4164 1083 4214 13*
