3108 4902
426 299 468 355 De
484 298 563 355 tastis
582 296 772 354 consularibus
789 295 991 366 antiquissimis.
1217 293 1277 354 211

132 480 170 540 ut
200 493 242 540 ex
268 491 357 539 more
377 472 669 555 antiquissimorum
693 469 856 536 annaiium
877 469 1066 553 scriptorum
1087 489 1139 536 res
1160 475 1283 537 tantum

136 580 272 658 enarret,
287 575 417 642 nomina
431 574 668 657 imperatorum,
684 591 819 655 quorum
833 571 986 654 auspiciis
1000 570 1088 638 bella
1101 578 1193 655 gesta
1207 574 1281 656 sint,

134 682 241 744 taceat
263 677 315 753 (cf.
330 676 413 760 Nep.
429 675 509 742 Cato
532 678 561 757 3,
583 673 759 741 Plinnh.
777 675 884 758 8,11).
922 670 1045 751 Quibus
1067 674 1101 738 in
1122 694 1280 742 commen·

134 779 224 846 tariis
252 777 411 845 historicis
440 777 568 843 nomine
589 777 780 844 referuntur:
810 780 934 858 septem
956 774 1143 859 dictatores,
1165 760 1281 853 Αὖλος

135 877 348 962 Ποστούμιος
371 881 432 944 322
454 879 561 956 (Diod.
587 881 636 962 12,
658 880 721 961 64),
746 874 882 952 Μάνιος
903 874 1066 959 Αἰμίλιος
1089 880 1150 942 328
1172 878 1280 956 (Diod.

137 986 187 1067 12,
203 985 265 1065 80),
287 979 430 1065 Μάρκος
446 978 591 1065 Φούριος
614 982 675 1045 358
698 979 806 1057 (Diod.
825 984 874 1063 14,
890 982 954 1064 95),
976 977 1117 1064 Μάρκος
1137 977 1282 1064 Φούριος

137 1086 197 1150 364
216 1083 324 1161 (Diod.
344 1088 392 1167 14,
411 1085 493 1168 117),
515 1080 657 1159 Κόϊντος
674 1079 803 1165 Φάβιος
818 1083 880 1146 439
903 1081 1011 1160 (Diod.
1028 1084 1078 1167 19,
1095 1083 1157 1165 72),
1181 1079 1282 1159 Γάϊος

136 1191 285 1263 Μαίνιος
308 1190 369 1251 440
392 1185 499 1259 (Diod.
519 1189 567 1269 19,
584 1189 653 1270 76),
675 1191 844 1269 praetcrea
865 1184 1007 1268 quinque
1028 1184 1172 1268 magistri
1194 1186 1281 1267 equi·

135 1296 203 1356 tam
217 1285 364 1364 Λεύκιος
379 1278 515 1364 Ἰούλιος
533 1291 594 1353 322
616 1287 723 1367 (Diod.
743 1289 791 1370 12,
803 1287 868 1370 64),
891 1269 1008 1361 Αὖλος
1021 1282 1206 1371 Κορνήλιος
1221 1288 1282 1351 328

135 1391 243 1469 (Diod.
261 1394 311 1472 12,
328 1392 390 1473 80),
412 1388 569 1465 Πόπλιος
583 1387 767 1474 Κορνήλιος
783 1392 844 1454 358
865 1389 972 1468 (Diod.
990 1394 1039 1473 14,
1056 1390 1119 1473 95),
1141 1385 1283 1464 Κόϊντος

135 1486 267 1567 Attiou
289 1494 351 1556 439
374 1492 481 1567 (Diod.
504 1494 553 1575 19,
570 1494 632 1573 72),
655 1488 791 1566 Μάνιος
814 1487 999 1567 Φούλουιος
1022 1496 1083 1557 440
1107 1490 1215 1570 (Diod.
1233 1495 1282 1576 19,

138 1596 207 1675 76),
229 1598 296 1658 tum
317 1598 464 1676 quattuor
486 1592 605 1658 tribuni
626 1591 741 1675 plebis,
763 1610 846 1658 anno
862 1594 924 1658 283
943 1595 1051 1675 creati,
1075 1589 1177 1668 Γάϊος
1191 1596 1284 1657 Σικί-

137 1716 228 1773 νιος,
261 1685 409 1769 Actiacos·
440 1690 668 1776 Νεμετώριος,
712 1691 853 1778 Μάρκος
896 1694 1094 1774 Δονλλλιος,
1136 1691 1284 1779 Σπόριος

136 1787 297 1872 Ἀκίλιος,
331 1794 449 1862 deinde
471 1814 555 1861 anno
583 1796 646 1859 269
669 1791 818 1877 Σπόριος
838 1791 990 1870 Κάσσιος
1011 1795 1121 1872 (Diod.
1147 1800 1196 1876 11,
1221 1798 1283 1877 37),

136 1917 221 1964 anno
242 1899 303 1961 315
325 1894 474 1982 Σπόριος
495 1896 647 1971 Μαλλιος
668 1895 775 1972 (Diod.
793 1899 844 1980 12,
859 1897 923 1980 37),
945 1916 1029 1963 anno
1045 1898 1106 1961 369
1128 1893 1284 1971 Μόνλιος

137 1999 245 2079 (Diod.
272 2003 321 2081 15,
344 1999 414 2083 35),
444 1999 583 2083 denique
609 2018 757 2066 censores
778 1999 854 2064 anni
875 2003 939 2063 444
948 1990 1097 2074 Ἄππιος
1117 1995 1285 2074 Κλαύδιος

137 2093 283 2177 Λεύκιος
305 2099 476 2177 Πλαύτιος
499 2100 606 2180 (Diod.
623 2104 675 2184 20,
691 2104 752 2177 36).

224 2202 311 2281 Quos
326 2204 441 2286 uiginti
464 2222 561 2269 unum
582 2204 669 2270 uiros
690 2223 800 2270 omnes
820 2222 934 2270 moneo
948 2203 1033 2271 binis
1047 2209 1170 2271 tantum
1184 2205 1283 2271 nomi-

137 2306 233 2372 nibus
253 2303 432 2371 aDiodoro
453 2305 621 2388 appellari,
644 2308 689 2371 ita
703 2312 738 2371 nt
759 2306 792 2370 in
814 2307 1065 2373 enarrationibus
1088 2308 1135 2374 eis
1157 2305 1285 2373 histori-

137 2408 186 2474 cis
209 2403 339 2490 quidem
361 2405 424 2471 sibi
446 2410 569 2471 constet
589 2412 715 2487 auctor,
737 2425 810 2471 cum
830 2426 888 2489 per
909 2412 1010 2472 totum
1032 2413 1175 2491 tempus,
1198 2407 1285 2490 quod

138 2509 172 2574 in
195 2508 330 2574 seruatis
352 2506 443 2572 libris
466 2511 626 2589 truamur,
648 2506 838 2590 parimodo
860 2508 978 2573 omissa
1000 2508 1063 2573 sint
1085 2510 1283 2590 cognomina

224 2609 339 2674 Mirum
360 2614 468 2689 autem
490 2614 552 2690 est,
581 2627 646 2673 non
673 2607 759 2674 idem
786 2609 820 2672 in
846 2607 937 2674 fastis
965 2628 1092 2692 quoque
1117 2608 1284 2693 accidisse,

140 2711 237 2777 immo
258 2730 484 2793 nonnunquam
507 2709 629 2776 eisdem
650 2710 742 2777 annis
757 2711 903 2777 consules
919 2711 1159 2795 cognominibus
1173 2713 1284 2797 appel·

140 2813 201 2879 lari
221 2815 255 2877 in
276 2813 377 2896 fastis,
400 2831 509 2878 eorum
530 2817 637 2878 autem
659 2810 832 2896 hominum,
855 2832 935 2895 quos
956 2815 990 2878 in
1003 2833 1109 2879 rerum
1123 2821 1284 2897 gestarum

139 2915 320 2981 narratione
342 2920 570 2980 commemorat
590 2913 762 2996 Diodorus,
783 2914 861 2980 bina
881 2921 1004 2980 tantum
1025 2915 1091 2999 legi
1113 2918 1252 2982 nominc.

227 3015 293 3082 Sed
306 3015 379 3082 aliis
396 3033 523 3099 quoque
544 3016 640 3082 rebus
661 3016 816 3082 fastorum
837 3035 912 3099 pars
933 3015 1030 3098 prior,
1054 3018 1158 3099 qualis
1178 3022 1286 3084 exstat

139 3199 229 3254 bunos
240 3196 374 3252 inuer'risse
387 3198 517 3267 sequitur,
535 3212 604 3267 quos
616 3197 646 3250 in
658 3196 754 3251 ceteris
770 3195 849 3252 fastis
866 3196 986 3264 legimus.
1015 3196 1197 3253 Nihilosecius
1209 3204 1284 3252 utro·

140 3297 193 3350 que
210 3281 270 3336 loco
287 3281 422 3337 Diodcreo
440 3282 511 3338 binis
528 3282 681 3352 praeteritis
703 3281 834 3346 tribunis,
856 3280 1036 3350 praemittitur
1056 3287 1122 3336 nota
1142 3283 1286 3354 χιλίαρχοι

140 3366 291 3438 τέτταρες,
308 3366 347 3420 ita
364 3372 395 3421 ut
412 3382 468 3422 non
484 3367 538 3422 iam
554 3367 641 3436 possit
657 3380 716 3422 esse
730 3365 854 3432 dubium,
872 3364 938 3435 quin
955 3365 1059 3420 numeri
1075 3366 1114 3420 illi
1131 3366 1215 3421 additi
1231 3369 1287 3422 sint

139 3451 175 3507 ab
190 3450 251 3519 ipso
262 3448 391 3505 Diodoro.
419 3451 522 3519 Quibus
533 3451 629 3518 positis
641 3451 811 3520 redarguitur
822 3450 869 3505 illa
880 3450 1040 3506 Mommseni
1053 3450 1194 3515 sententia,
1213 3467 1285 3507 com·
1373 3518 1379 3532 ,

139 3535 215 3590 muni
233 3534 351 3589 omnium
367 3536 465 3604 plausu
483 3542 604 3605 accepta,
623 3551 703 3606 quam
720 3535 847 3605 exposuit
863 3534 892 3590 in
909 3536 994 3590 altero
1012 3536 1149 3590 uolumine
1165 3535 1228 3591 iibri
1245 3537 1286 3592 in-

140 3619 236 3688 seripti
253 3612 409 3674 ‘Romiscbc
425 3615 630 3693 Forrcbuapea'
647 3638 675 3691 p.
686 3625 805 3690 224squ.
840 3619 996 3675 Arbitratur
1013 3619 1084 3674 enirn
1100 3619 1143 3675 uir
1164 3622 1286 3690 praecla-

139 3706 278 3771 rissimus,
302 3703 356 3759 illis
379 3719 412 3759 ex
434 3706 553 3761 numeris
576 3721 699 3774 magnam
720 3721 851 3776 apparere
874 3705 1083 3773 discrepantiam
1107 3706 1177 3761 inter
1199 3706 1286 3764 fastos

139 3787 293 3844 Diodorecs
312 3793 475 3857 ceterosque,
494 3803 606 3857 eamque
621 3788 709 3844 redire
726 3787 761 3843 ad
777 3789 858 3857 plane
875 3787 997 3843 diuersas
1012 3789 1182 3858 cossegicrum
1199 3791 1286 3847 tribu·

140 3872 273 3928 niciorum
289 3872 468 3928 recensiones.
503 3871 603 3940 Quodsi
626 3873 679 3943 ipsi
695 3872 816 3927 Diodoro
833 3872 965 3928 debentur
982 3874 1086 3928 numeri
1103 3874 1142 3942 ei,
1165 3891 1219 3931 non
1236 3882 1286 3943 est,

141 3972 193 4013 cur
209 3956 278 4013 aiios
293 3957 465 4013 tribunorum
482 3972 607 4012 murmanus
627 3959 727 4013 relatos
748 3955 834 4011 fuisse
852 3958 1002 4012 statuamus
1023 3958 1052 4013 in
1072 3957 1147 4015 iente
1163 3959 1285 4028 Diodori,

15 4050 18 4121 ³:
140 4055 223 4111 quam
239 4042 268 4096 in
285 4056 316 4097 ec
335 4041 468 4099 fastorum
485 4041 632 4110 exemplari
648 4042 721 4099 unde
739 4042 835 4111 reliqui
851 4040 989 4099 fluxerunt
1004 4042 1077 4100 fasti.
