3108 4902
409 314 451 369 De
468 314 546 370 fastis
564 313 751 370 consularibus
768 313 968 383 antiquissimis.
1198 313 1258 372 227

116 487 342 573 prehendimus
357 489 388 564 ¹).
426 487 648 570 Antiquissimi
665 486 758 570 enim,
783 505 863 570 quos
877 492 992 552 norunt
1006 486 1145 568 fabulae,
1167 504 1260 568 reges

118 590 237 674 aliique
259 589 403 656 homines
433 589 568 671 singulis
595 589 798 671 appellantur
819 587 1011 670 nominibus,
1040 594 1075 652 ut
1096 588 1260 670 Romulus,

117 692 287 759 Faustulus
308 711 335 758 e.
352 712 379 758 o.
411 691 538 757 Deinde
553 690 596 756 ad
612 710 652 756 ea
672 691 739 756 alia
759 689 956 756 accedebant
970 695 1067 772 atque
1088 690 1153 756 alia
1168 709 1261 757 cursu

117 794 331 877 saeculorum,
360 796 467 859 itaut
495 799 656 876 postremo
684 793 783 859 altero
814 798 846 858 et
879 792 972 858 tertio
1000 797 1074 875 post
1101 791 1262 859 Christum

117 901 225 962 natum
251 897 380 963 saeculo
406 896 460 961 uel
490 896 620 979 triginta
643 901 714 962 octo
736 894 917 979 legerentur
938 895 1070 961 nomina
1091 895 1183 960 unius
1205 895 1260 961 ho·

119 998 213 1065 minis
234 998 286 1076 (cf.
310 998 408 1063 Klein
429 996 515 1063 Fast.
532 1017 617 1063 cons.
634 1019 666 1081 p.
683 999 744 1074 78).

200 1101 314 1183 Neque
336 1105 443 1165 tamen
465 1100 558 1166 tertio
580 1100 667 1165 urbis
683 1099 832 1166 conditae
847 1099 975 1165 saeculo
997 1099 1120 1164 Romae
1141 1098 1206 1164 iam
1222 1118 1260 1165 eo

113 1207 303 1286 peruentum
319 1208 396 1284 erat,
418 1208 454 1267 ut
467 1207 514 1268 tot
527 1202 708 1268 nominibus
723 1203 806 1268 inter
827 1220 863 1266 se
878 1200 1148 1283 distinguerentur
1162 1201 1260 1267 ciues.

113 1304 292 1370 Mommsen
314 1303 409 1387 enim,
431 1308 467 1368 ut
486 1304 553 1369 iam
574 1304 677 1388 primo
693 1304 798 1386 capite
821 1302 901 1385 dixi,
924 1303 1164 1385 demonstrauit,
1187 1324 1260 1386 cog·

111 1407 245 1473 nomina
267 1406 375 1488 quinto
391 1404 519 1471 demum
535 1406 664 1472 saeculo
680 1411 811 1490 recepta
825 1424 896 1472 esse
911 1407 1068 1472 constanti
1084 1426 1143 1472 usu
1156 1424 1261 1488 neque

112 1514 212 1574 antea
233 1506 373 1573 adscribi
394 1506 575 1573 nominibus
599 1526 669 1573 esse
692 1508 796 1573 solita.
834 1506 928 1585 Quod
950 1528 1022 1575 curn
1045 1514 1111 1574 tam
1133 1527 1203 1574 sero
1220 1508 1262 1573 sit

111 1611 244 1692 factum,
266 1628 360 1674 nemo
382 1610 447 1674 iam
462 1608 607 1674 ducentis
629 1609 721 1675 annis
735 1615 809 1674 ante
824 1614 888 1675 tam
904 1611 1064 1677 excultam
1085 1610 1184 1676 fuisse
1205 1629 1261 1674 no-

111 1711 345 1777 menclaturam
368 1710 574 1792 existimabit,
596 1716 632 1775 ut
645 1710 729 1776 binis
743 1711 896 1793 plurimos
920 1714 1066 1778 consules
1088 1712 1141 1776 uel
1163 1713 1260 1778 ternis

111 1813 357 1896 cognominibus
379 1812 549 1879 debuerint
569 1811 751 1879 discernere
773 1813 816 1877 ab
837 1813 919 1878 aliis.

201 1914 266 1980 Sed
296 1920 447 1997 quantum
476 1934 535 1980 nos
564 1914 857 1997 antiquissimorum
879 1915 1039 1980 nominum
1062 1920 1207 1980 naturam
1231 1922 1263 1980 et

110 2019 271 2083 rationem
293 2017 529 2100 cognoscimus,
559 2017 687 2084 omnino
715 2037 780 2083 non
808 2018 909 2083 altero
937 2016 1048 2083 addito
1072 2019 1260 2100 cognomine

109 2127 181 2187 tum
211 2119 359 2185 uidentur
388 2118 530 2186 distincti
556 2119 670 2202 fuisse;
698 2119 756 2186 sed
785 2120 965 2203 quicunque
987 2140 1105 2186 nouum
1127 2121 1189 2187 sibi
1211 2142 1261 2188 as·

110 2222 287 2304 sumpserit
309 2241 496 2305 cognomen,
519 2222 610 2306 illud,
627 2221 713 2306 quod
728 2228 825 2288 antea
839 2229 993 2306 gesserat,
1015 2224 1112 2306 plane
1134 2223 1261 2290 uidetur

109 2323 314 2407 deposuisse.
348 2322 393 2388 Ut
406 2322 528 2387 Valerii
544 2342 585 2387 ex
600 2343 663 2406 quo
678 2324 836 2390 Messalae
853 2325 1041 2408 cognomine
1057 2332 1259 2410 exornantur,

107 2425 249 2491 Maximi
270 2423 381 2489 uocari
398 2422 576 2505 desierunt,
599 2429 634 2489 ut
649 2423 789 2490 Cornelii
811 2444 988 2507 cognomen
1009 2426 1114 2492 Rufini
1136 2427 1261 2495 abiece-

107 2532 196 2608 runt,
219 2545 291 2591 cum
307 2524 417 2591 Sullae
439 2524 622 2607 acciperent
637 2526 689 2602 (cf.
705 2526 788 2591 Plut.
805 2526 884 2592 Sull.
904 2528 950 2610 1),
973 2527 1084 2594 Marcii
1099 2547 1260 2610 nunquam

108 2628 262 2695 dicuntur
283 2627 399 2710 Rutili,
429 2646 499 2692 cnm
527 2627 665 2709 primum
687 2626 854 2694 Censorini
877 2647 1053 2711 cognomen
1076 2635 1124 2695 est
1146 2629 1193 2696 eis
1215 2631 1261 2695 in·

107 2730 216 2796 ditum
243 2729 296 2807 (cf.
318 2729 389 2794 fast.
412 2729 516 2813 Capit.
539 2750 563 2796 s.
585 2749 614 2794 a.
637 2730 722 2807 489).
765 2729 902 2797 Disertis
931 2730 1048 2799 deinde
1070 2733 1176 2799 uerbis
1199 2732 1261 2800 hoc

107 2831 303 2914 comprobat
334 2831 439 2913 locus,
469 2851 563 2914 quem
597 2832 662 2897 iam
690 2833 757 2898 alia
785 2834 953 2900 occasione
982 2834 1129 2919 laudaui,
1162 2836 1261 2903 Fron·

104 2935 172 3001 tini
197 2932 249 3012 (dc
271 2934 364 3014 aquis
390 2938 415 3016 l,
433 2934 478 3008 bl:
503 2925 576 3016 ‘Ap
593 2933 747 3000 Claudius
769 2933 902 3001 Crassus
924 2955 1049 3019 censor,
1075 2938 1126 3002 cui
1148 2944 1261 3020 postea

105 3037 219 3104 Caeco
234 3035 294 3101 luit
310 3024 510 3117 cognomen'.
547 3034 644 3118 Apud
662 3036 784 3100 nullum
806 3037 890 3101 enim
912 3042 1074 3102 auctorem
1089 3038 1150 3120 Ap.
1166 3037 1261 3104 Clau·

104 3138 187 3204 dius
209 3142 377 3218 utrumque
398 3136 493 3202 simul
516 3135 614 3202 habet
636 3156 823 3219 cognomen.
854 3136 946 3202 Idem
968 3138 1001 3201 iu
1023 3136 1097 3202 filiis
1120 3138 1189 3204 eius
1204 3156 1260 3220 ap-

103 3242 217 3325 paret,
240 3239 295 3319 qui
316 3239 533 3303 nominantur:
555 3236 617 3321 Ap.
641 3237 795 3305 Claudius
818 3238 928 3321 Rufus,
952 3238 987 3303 Ρ.
1010 3238 1164 3305 Claudius
1186 3239 1260 3305 Pul·

103 3341 201 3421 cher,
228 3337 263 3403 C.
287 3337 441 3405 Claudius
471 3337 604 3422 Centho,
633 3340 683 3405 Ti.
706 3338 859 3406 Claudius
881 3340 976 3407 Nero.
1020 3340 1123 3407 Nemo
1152 3359 1261 3405 eorum

102 3446 242 3527 praeter
270 3458 389 3504 nouum
419 3446 585 3524 paternum
615 3459 742 3523 quoque
764 3461 940 3524 cognomen
962 3440 1061 3506 habet
1081 3441 1178 3507 Caeci
1205 3448 1261 3507 aut

102 3544 236 3610 auitum
251 3539 368 3623 Crassi,
391 3541 477 3607 unde
499 3543 584 3608 clare
606 3548 730 3627 patrem
752 3542 940 3627 deposuisse
956 3542 1062 3609 Crassi
1085 3561 1261 3626 cognomen

102 3647 228 3725 elucet,
252 3661 323 3709 cum
345 3642 441 3709 Caeci
463 3644 632 3727 acciperet

202 3898 225 3960 1)
245 3891 429 3948 conferendus
448 3894 490 3947 est
505 3891 660 3960 ingeniosus
677 3891 837 3963 Mommseni
854 3892 1077 3961 commentarius,
1099 3892 1260 3963 inscriptusz

95 3976 175 4035 ‘Die
189 3978 340 4034 rbmischsn
352 3971 550 4045 Eigennamen'
568 3976 653 4044 (Rom.
667 3977 779 4033 Forscb.
792 3978 805 4032 I
817 3995 844 4047 p.
857 3980 958 4046 1—68l‚
976 3994 1030 4047 quo
1042 3978 1084 4032 uir
1098 3979 1261 4035 clarissimus

98 4064 219 4138 primus
236 4065 373 4119 nominum
390 4062 574 4118 Romanorum
592 4068 716 4118 naturam
734 4063 860 4133 exposuit
877 4065 905 4117 c't
922 4063 1058 4134 patefecit.
