3108 4902
273 338 335 399 228
697 337 836 394 Gonradus
854 338 993 395 cichorius

358 513 472 596 Neque
493 531 633 594 unquam
659 526 772 578 reuera
800 511 881 577 illud
908 512 1027 578 factum
1053 511 1181 578 uidetur
1202 531 1289 594 esse,
1320 516 1354 576 ut
1375 510 1418 577 ad

274 616 415 700 priscum
437 614 542 698 gentis
564 613 700 680 alicuius
722 632 899 697 cognomen
920 615 1056 680 alterum
1084 612 1264 680 adiceretur
1290 612 1418 695 duoque

275 722 459 802 gererentur
480 715 685 800 cognomina,
714 722 828 799 postea
853 721 961 782 autem
987 717 1139 799 primario
1161 716 1279 783 omisso
1301 734 1420 781 nouum

275 819 379 886 solum
401 823 561 902 manerem
583 824 691 884 tamen
712 818 786 884 fasti
806 817 980 903 Capitolini
1001 819 1239 902 antiquissimos
1262 815 1419 898 Seruilios

277 942 315 988 eo
333 918 427 987 modo
450 919 614 987 exhibent
643 910 811 986 ‘Priscum'
830 921 914 986 enim
936 920 1046 987 dicunt
1067 921 1103 986 Ρ.
1119 920 1291 987 Seruilium
1307 934 1418 986 consu-

276 1025 340 1091 lem
354 1023 429 1089 anni
445 1025 518 1105 291,
541 1021 659 1088 deinde
670 1016 829 1090 ‘Priscum
843 1014 1044 1090 Fidenatem'
1063 1022 1251 1090 dictatorem
1266 1023 1342 1088 anni
1358 1025 1420 1087 336

276 1125 315 1205 Q.
332 1125 512 1209 Seruilium,
535 1123 665 1191 tandem
683 1115 881 1192 ‘Fidenates'
906 1131 1051 1209 posteros
1069 1142 1178 1192 eorum
1194 1124 1232 1203 Q.
1249 1124 1421 1190 Seruilium

276 1230 437 1295 tribunum
466 1228 664 1294 consularem
688 1229 844 1311 352-68,
873 1224 911 1306 Q.
934 1226 1107 1294 Seruilium
1135 1229 1294 1294 tribunum
1318 1229 1422 1292 372-

280 1334 350 1396 385.
388 1330 463 1395 Pari
488 1329 583 1395 modo
600 1329 634 1396 0.
650 1328 823 1395 Seruilium
845 1331 1008 1396 consulem
1029 1332 1091 1394 276
1113 1335 1231 1397 uocant
1249 1322 1423 1396 ‘Structum

278 1423 442 1515 Ahalam',
458 1451 513 1498 eos
525 1437 641 1515 autem,
658 1433 713 1513 qui
724 1437 797 1514 post
807 1432 898 1496 illum
909 1433 1057 1517 leguntur
1071 1433 1105 1497 in
1118 1432 1219 1516 fastis,
1235 1437 1291 1497 aul
1302 1425 1422 1498 ‘Struc-

278 1527 339 1603 tos’
357 1540 413 1601 aut
431 1525 591 1600 ‘Ahalas'.
625 1533 706 1600 Cum
721 1535 820 1618 igitur
831 1536 925 1618 plura
940 1536 1137 1619 singulorum
1151 1536 1292 1601 uirorum
1307 1555 1421 1618 cogno·

277 1640 365 1705 mina
385 1636 608 1721 antiquissima
628 1640 734 1703 aetate
757 1634 843 1702 haud
864 1638 1038 1721 probentur
1063 1657 1105 1703 ex
1127 1658 1185 1704 usu
1206 1637 1423 1704 nomenclatu-

278 1761 348 1824 rae,
371 1740 470 1805 multo
493 1740 596 1822 magis
617 1737 700 1804 fides
721 1757 830 1805 eorum
853 1738 1049 1805 imminuitur
1071 1759 1126 1823 eo,
1154 1738 1243 1823 quod
1263 1745 1329 1805 tam
1352 1756 1424 1805 sero

278 1842 366 1926 apud
388 1847 533 1909 auctores
556 1840 767 1906 inueniuntur.
811 1840 926 1924 Neque
954 1842 1038 1907 enim
1060 1842 1171 1908 Liuius
1184 1843 1215 1926 ¹),
1237 1842 1423 1925 Dionysius,

278 1944 500 2012 Diodorus-
524 1963 565 2009 ne
580 1943 686 2010 dicam
712 1944 883 2027 scriptores
910 1944 974 2009 illis
1003 1944 1183 2027 superiores
1206 1974 1248 1988 *-
1276 1944 1424 2027 cuiquam

280 2048 404 2116 consuli
426 2047 626 2113 saeculorum
653 2045 739 2111 tertii
762 2050 794 2111 et
815 2046 920 2129 quarti
946 2046 1039 2128 plura
1060 2046 1202 2112 tribuunt
1222 2047 1422 2130 cognomina.

256 2166 260 2173 ’
279 2151 407 2216 Primus
429 2148 554 2214 duobus
576 2147 818 2232 cognominibus
843 2147 979 2214 refertur
1002 2141 1124 2214 ‘Iunius
1147 2149 1263 2215 Brutus
1286 2140 1420 2216 Scaeua'

282 2253 393 2319 consul
414 2255 474 2316 429
498 2249 584 2334 apud
599 2250 726 2316 Liuium
742 2252 774 2334 8,
789 2251 828 2314 29
851 2251 916 2327 (uel
937 2250 1024 2334 apud
1046 2270 1128 2335 eum,
1151 2253 1206 2335 qui
1227 2250 1289 2318 hoc
1311 2252 1382 2319 loco
1404 2272 1424 2317 a

281 2355 376 2421 Liuio
397 2353 576 2437 adhibetur,
598 2352 783 2435 auctorem),
805 2357 873 2417 tum
885 2345 1057 2419 ‘blaximus
1079 2344 1217 2438 Gurges'
1237 2355 1423 2420 consultui

282 2456 371 2543 apud
397 2456 537 2522 idatium
566 2460 599 2521 et
621 2453 678 2521 65.
701 2453 867 2521 Cornelius
895 2453 1005 2537 Scipio
1034 2455 1192 2522 Barbatus
1219 2456 1330 2523 consul
1353 2460 1424 2540 456,

283 2561 338 2644 qul
359 2565 467 2625 tamen
489 2563 657 2640 utrumque
672 2577 850 2640 cognomen
863 2576 927 2622 non
941 2558 1025 2640 gerit
1039 2557 1101 2624 nisi
1115 2558 1149 2623 in
1164 2559 1304 2624 carmine
1319 2555 1426 2643 sepul·

283 2663 371 2747 crali,
396 2666 487 2728 sexto
509 2660 597 2726 urbis
613 2659 742 2725 saeculo
756 2655 930 2742 incipiente
952 2660 1081 2742 scripto,
1105 2679 1177 2726 cum
1192 2661 1225 2725 in
1246 2660 1426 2743 antiquiore

282 2765 375 2830 titulo
399 2762 445 2839 16.
461 2763 486 2827 Ι.
502 2762 538 2826 L.
554 2762 580 2844 Ι,
596 2764 637 2825 29
653 2766 686 2826 et
698 2762 749 2839 30)
764 2780 829 2826 uno
843 2759 1002 2844 Scipionis
1026 2763 1214 2844 cognomine
1236 2762 1427 2846 appelletur.

368 2865 483 2948 Neque
502 2868 630 2947 praeter
644 2860 929 2945 chronographum
944 2863 1020 2928 anni
1036 2867 1107 2948 354,
1130 2883 1225 2948 quom
1248 2885 1290 2931 ex
1312 2864 1426 2932 eodem

283 2967 415 3034 fluxisse
437 2967 535 3048 fonte,
565 2964 650 3031 unde
672 2964 773 3031 fastos
794 2962 1002 3049 Capitolinos,
1032 2986 1109 3032 mox
1130 2966 1321 3051 uidebimus,
1343 2969 1427 3035 ullus

284 3071 449 3137 consulum
476 3067 649 3134 laterculus
676 3071 773 3132 autea
799 3065 877 3132 bina
907 3068 1042 3151 praebet
1073 3069 1272 3151 cognomina.
1322 3069 1428 3152 Atque

285 3173 424 3239 Idatium
446 3169 576 3254 quidem
599 3167 1000 3251 chroniciqccPasohaus
1021 3175 1185 3237 auctorem
1206 3171 1347 3238 insonte
1370 3183 1429 3238 suo

286 3294 328 3339 ex
349 3275 457 3340 Macro
478 3272 579 3356 petito
604 3288 718 3337 reuera
746 3271 873 3354 singula
897 3276 1020 3359 tantum
1040 3272 1333 3355 antiquissimorum
1354 3288 1429 3339 con-

285 3378 390 3444 sulum
404 3375 566 3441 inuenisse
577 3374 768 3457 cognomina
779 3393 822 3444 eo
836 3379 980 3458 apparet,
992 3373 1079 3458 quod
1094 3376 1169 3442 inde
1184 3377 1225 3442 ab
1241 3374 1299 3441 illa
1312 3382 1429 3458 aetate,

285 3500 357 3563 qua,
370 3478 507 3562 primum
528 3476 622 3560 plura
642 3476 838 3559 singulorum
853 3474 1074 3567 hominumin
1094 3492 1186 3544 usum
1207 3474 1372 3562 uenerunt,
1394 3475 1432 3542 id

286 3588 335 3650 est
349 3601 370 3646 a
384 3581 494 3663 quinto
516 3578 645 3645 saeculo
662 3577 780 3662 medio,
801 3577 919 3645 multos
934 3581 1080 3647 consules
1095 3580 1178 3647 binis
1201 3572 1342 3647 referunt
1356 3599 1431 3664 cog·

284 3683 465 3750 nominibus
486 3685 522 3746 ut
542 3699 697 3748 annorum
719 3681 792 3763 462,
815 3681 888 3763 485,
910 3685 984 3767 494,
1003 3686 1076 3766 511,
1099 3682 1171 3766 518,
1192 3684 1264 3766 526,
1280 3684 1352 3766 528,
1369 3683 1433 3747 533

371 3851 396 3914 1)
414 3846 493 3913 Quod
510 3846 606 3902 Liuius
623 3851 695 3912 4‚26
712 3847 792 3902 dicit:
815 3830 860 3902 ‘TI
879 3846 1021 3915 Quinctius
1102 3847 1278 3903 Cincinnatus
1296 3877 1328 3888 -
1347 3847 1435 3902 eidem

285 3940 314 3990 et
331 3932 423 3988 Poeno
440 3945 588 4001 cognomen
605 3925 735 4002 additur',
751 3932 806 3987 ium
816 3947 901 4002 supra
911 3932 1012 3999 monui,
1029 3932 1145 3987 alterum
1157 3925 1267 3988 ‘Poeni'
1285 3947 1436 4001 cognomen

285 4036 319 4075 ex
340 4017 435 4073 Macro
457 4018 586 4086 petitum,
612 4017 728 4073 alterum
745 4023 836 4074 551555
853 4032 887 4072 cx
909 4017 963 4073 alio
981 4033 1035 4087 quo
1056 4017 1133 4073 fonte
1156 4033 1174 4072 a
1195 4014 1274 4073 Liuio
1302 4033 1362 4075 esse
1386 4019 1436 4074 ‹ie-

284 4108 429 4175 sumptum.
