3108 4902
251 327 312 387 174
677 325 816 383 Comadus
834 324 974 381 Ciohorius

249 501 332 568 libro
347 501 379 566 II
401 521 427 566 c.
445 501 495 584 33,
511 502 545 564 9:
569 492 767 583 ‘tantumque
789 518 848 566 sua
869 498 965 565 laude
988 497 1110 564 obstitit
1131 496 1236 563 famae
1258 497 1399 565 consulis

250 603 398 686 Marcius,
420 607 455 668 ut
476 603 539 668 nisi
560 602 673 668 foedus
689 622 760 669 cum
775 601 898 668 Latinis
915 601 1062 668 columna
1080 617 1183 665 aenea
1204 600 1399 684 insculptum

251 709 454 771 monumento
478 709 571 787 esset,
595 704 636 770 ab
657 703 774 788 Spurio
789 703 900 770 Cossio
923 723 998 787 uno,
1020 703 1095 785 quia
1118 702 1243 786 collega
1264 701 1398 784 aluerat,

252 809 358 889 ictum,
382 806 565 872 Postumum
588 804 767 872 Cominium
790 806 910 872 bellum
932 804 1070 889 gessisse
1093 823 1165 870 oum
1187 804 1312 869 Volscis
1333 822 1399 869 me·

251 908 354 973 moria
376 897 550 988 oessIsset’3
576 912 682 972 tamen
704 926 746 972 ex
769 907 815 973 eis
838 925 965 990 quoque
988 905 1198 989 cognoscitur,
1220 905 1398 988 praescrip-

251 1016 317 1075 tum
339 1010 437 1076 fulsse
460 1010 493 1074 in
509 1009 656 1075 columna
670 1009 834 1091 utriusque
849 1008 988 1074 consulis
1002 1026 1128 1090 nomen,
1150 1007 1184 1071 in
1204 1006 1276 1089 ipso
1291 1012 1399 1072 autem

250 1110 380 1178 foedere
403 1109 517 1176 icendo
540 1109 596 1193 Sp.
620 1109 765 1176 Cassium
786 1110 889 1176 solum
912 1111 1011 1176 fulsse
1031 1109 1239 1174 nominatum.

336 1210 464 1278 Deinde
485 1212 618 1278 maximi
648 1218 695 1278 est
720 1213 872 1278 momenti
901 1211 1117 1277 testimonium
1139 1210 1306 1294 Varronis,
1335 1230 1398 1277 ser·

252 1319 359 1381 uatum
380 1313 468 1398 apud
482 1313 678 1380 Macrobium
701 1312 766 1379 Sat.
782 1314 807 1395 I,
826 1314 874 1396 13,
891 1315 946 1377 21;
966 1305 1038 1378 ‘sed
1060 1310 1144 1377 hunc
1165 1312 1220 1389 (sc.
1237 1312 1397 1388 Fuluium)

250 1417 357 1500 arguit
371 1416 472 1481 Varro
496 1415 664 1482 scribendo
686 1415 941 1498 antiquissimam
962 1413 1068 1496 legem
1089 1414 1189 1480 fuisse
1210 1414 1342 1480 inoIsam
1365 1416 1399 1479 ln

251 1519 399 1585 columna
421 1536 517 1583 aerea
538 1537 558 1583 a
580 1516 616 1581 L.
632 1517 761 1582 Pinario
786 1520 818 1582 et
829 1516 926 1583 Furio
948 1515 1130 1582 consulibus
1154 1516 1185 1593 (i.
1202 1535 1230 1581 e.
1246 1517 1320 1582 anni
1335 1516 1398 1580 282

250 1638 281 1687 u.
295 1623 334 1698 o.)
352 1621 403 1687 oui
417 1621 537 1686 mentio
552 1619 751 1685 Intercalaris
766 1607 984 1699 adscribitur'3
1006 1617 1091 1684 unde
1106 1617 1280 1684 Varronem
1294 1619 1399 1702 Ipsum

250 1722 372 1789 uidisse
394 1722 536 1788 tabulam
559 1740 630 1787 eam
653 1726 730 1806 puto
751 1740 918 1805 apparere.

337 1823 459 1890 Ladem
488 1823 611 1889 ratione
637 1823 671 1888 in
693 1822 784 1889 aedis
806 1821 935 1888 Saturni
956 1841 1040 1887 anno
1056 1823 1116 1886 253
1134 1826 1164 1886 u.'
1181 1841 1208 1888 c.
1231 1820 1401 1889 dedicatae

251 1927 343 1993 titulo
359 1926 525 1993 consulum
539 1926 638 1992 fuisse
653 1924 765 1991 addita
786 1925 916 1990 nomina
937 1923 1133 1991 demonstrat
1154 1924 1273 1991 Matzat
1295 1923 1399 2003 (Rom.

255 2026 401 2091 Otroool.
416 2028 449 2093 II
471 2048 502 2110 p.
519 2028 539 2091 8
560 2026 634 2093 adn.
648 2027 689 2102 7).

336 2130 442 2212 Atque
464 2130 531 2195 iam
553 2129 609 2196 diu
630 2134 704 2195 ante
728 2129 890 2195 annalium
912 2130 1083 2214 scriptores
1103 2128 1217 2195 litteris
1233 2129 1400 2196 mandatos

246 2231 351 2299 ¹fuisse
372 2234 472 2298 fastos
495 2231 694 2314 consulares,
724 2232 908 2297 notissimus
936 2228 1015 2295 mihi
1043 2228 1170 2295 uidetur
1192 2232 1400 2314 comprobare

252 2335 342 2400 locus
364 2333 544 2416 Ciceronis,
571 2331 614 2398 ad
634 2332 709 2398 fam.
727 2335 756 2416 9,
773 2336 823 2397 21.
867 2332 931 2400 Ubi
954 2352 1025 2397 oum
1048 2330 1126 2399 dicit
1148 2330 1276 2398 Cicero:
1303 2326 1401 2416 ‘prin-

254 2455 329 2520 ceps
433 2435 469 2500 L.
492 2434 640 2518 Papirius
661 2434 865 2518 Mugillanus,
889 2435 944 2517 qui
966 2453 1078 2500 censor
1180 2434 1239 2499 fuit
1260 2439 1301 2509 (a.
1318 2437 1401 2512 312).

254 2586 311 2603 ...
334 2536 401 2604 Sed
422 2543 489 2604 tum
504 2536 625 2620 Papisii
641 2535 843 2602 dicebamini.
877 2535 955 2602 Post
975 2534 1059 2602 hunc
1074 2535 1154 2600 XIII
1174 2536 1299 2600 fuerunt
1321 2536 1402 2601 sella

253 2639 354 2706 curuli
383 2644 459 2704 ante
485 2638 522 2703 L.
550 2637 715 2720 Papirium
744 2635 907 2719 Crassum,
942 2637 996 2719 qui
1028 2638 1149 2721 primus
1176 2635 1323 2718 Papisius
1352 2642 1402 2702 est

252 2741 363 2806 uocari
378 2729 525 2821 desitus',
548 2738 716 2804 manifesto
732 2757 767 2804 se
781 2739 961 2822 inspexisse
976 2738 1136 2822 significat
1158 2738 1321 2822 exemplar
1342 2738 1401 2803 ali-

254 2841 341 2924 quod
362 2843 531 2923 fastorum,
562 2859 624 2923 quo
647 2841 843 2923 antiquiores
864 2841 987 2924 Papirii
1009 2842 1118 2926 scripti
1141 2846 1231 2907 erant
1248 2829 1397 2924 ‘Papisii'

253 2964 292 3010 ac
321 2943 416 3027 primi
446 2942 482 3007 L.
506 2941 613 3008 Crassi
641 2961 756 3008 nomen
786 2943 893 3008 littera
911 2932 952 3007 ‘r'
977 2942 1152 3027 legebatur.
1197 2944 1402 3027 Itaqueiam

254 3050 328 3112 ante
343 3063 461 3111 annum
477 3048 540 3108 414
555 3063 585 3109 u.
599 3065 636 3128 c,
659 3064 722 3128 quo
738 3044 774 3109 L.
790 3044 937 3129 Papirius
953 3043 1085 3111 Crassus
1101 3045 1237 3127 primum
1260 3048 1293 3112 in
1312 3048 1402 3115 fastis

256 3148 400 3229 occurrit,
423 3145 599 3213 secundum
615 3145 800 3214 Ciceronem
817 3146 850 3212 in
864 3147 1033 3214 scribendo
1056 3148 1159 3231 gentis
1181 3150 1310 3215 nomine
1332 3170 1402 3217 esse

254 3254 418 3333 receptum
439 3247 683 3332 rhotacismum,
713 3268 808 3332 quem
829 3268 997 3332 uocamus,
1027 3250 1144 3332 elucet,
1174 3249 1264 3315 illum
1285 3256 1400 3335 tamen,

257 3371 351 3435 quem
374 3350 556 3435 proximum
578 3356 652 3417 ante
674 3350 823 3417 Crassum
852 3351 926 3417 fasti
954 3357 1217 3435 commemorant,
1249 3352 1284 3417 L.
1307 3353 1401 3437 Papi·

254 3455 337 3520 rium
360 3451 517 3536 Crassum,
545 3452 704 3518 tribunum
727 3453 863 3520 militum
886 3453 1045 3520 consulari
1067 3458 1225 3538 potestate
1247 3456 1322 3520 anni
1339 3457 1401 3520 386
1465 3461 1469 3466 “

255 3576 286 3622 u.
303 3575 348 3638 c.,
371 3554 535 3638 Papisium
559 3556 655 3620 etiam
677 3556 775 3622 fuisse
797 3556 967 3640 scriptum,
990 3556 1036 3621 ita
1057 3562 1091 3621 ut
1112 3556 1196 3622 intra
1217 3577 1317 3624 annos
1339 3559 1400 3623 386

256 3662 288 3723 et
311 3660 373 3720 414
402 3657 443 3722 sit
465 3655 667 3722 statuendum
692 3657 837 3723 infestis
865 3658 930 3724 illis
958 3676 1061 3724 nouae
1084 3657 1244 3725 scribendi
1271 3660 1403 3728 ratioms

256 3757 389 3824 initium.
424 3756 515 3835 Quae
530 3778 568 3825 eo
584 3759 839 3843 comprobantur,
863 3759 950 3843 quod
971 3766 1098 3827 exstant
1119 3766 1193 3826 ante
1208 3781 1326 3828 annum
1341 3764 1402 3827 386

256 3862 290 3929 in
312 3860 444 3943 reliquis
467 3862 705 3943 quoquefasds
726 3863 855 3928 nomina
877 3862 911 3929 C.
928 3863 1051 3930 Vetusii
1074 3863 1212 3930 consulis
1233 3866 1295 3928 255
1321 3864 1403 3941 (Liu.

256 3963 368 4047 2,18),
391 3962 429 4027 Τ.
445 3963 568 4029 Volusii
591 3965 729 4031 consulis
752 3968 813 4029 260
835 3964 917 4043 (Liu.
934 3967 963 4049 2,
979 3966 1048 4049 28),
1075 3964 1130 4049 Sp.
1154 3965 1243 4031 Fusii
1265 3967 1404 4034 consulis

256 4067 317 4129 290
341 4064 422 4143 (Liu.
439 4066 468 4148 3,
484 4068 532 4147 4),
561 4066 598 4131 Τ.
615 4066 738 4133 Vetusii
760 4067 898 4134 consulis
921 4068 982 4130 292
1006 4067 1086 4147 (Liu.
1110 4068 1138 4152 3,
1155 4068 1201 4150 8),
1231 4087 1303 4134 cum
1330 4074 1405 4152 post
