3108 4902
298 333 359 393 250
700 320 860 391 'Conradus
878 335 1018 395 OEchorius

212 512 215 518 ’
295 504 576 592 praetermitteret,
600 523 752 572 annorum
774 505 1080 591 septingentoruml)
1101 508 1287 576 memoriam
1309 530 1382 576 uno
1401 511 1434 576 li-

298 609 356 675 bro
379 597 560 690 colligarit?

386 709 507 788 Quibus
529 708 607 775 locis
629 709 748 776 cunctis
767 716 799 775 et
814 709 951 793 diligens
966 710 1129 795 plenitudo
1145 718 1177 778 et
1191 712 1437 796 breuiloquentia

299 809 509 896 praedicatur,
532 830 595 893 qua
615 831 667 877 res
681 811 841 877 Romanas
855 811 931 878 inde
953 813 994 880 ab
1017 814 1095 880 urbe
1118 813 1245 881 condita
1266 835 1340 882 uno
1362 815 1437 881 libro

298 912 419 978 rettulit
439 912 564 978 Atticus
582 907 671 995 (uno
694 905 788 979 libro’
815 913 878 981 Cic.
895 921 973 980 orat.
996 950 1037 960 —
1056 909 1159 998 ‘liber,
1183 908 1257 997 quo’
1279 917 1323 983 id.
1342 916 1436 1000 Brut.)

299 1013 392 1093 Quod
413 1015 506 1081 aliter
526 1014 582 1080 uix
604 1015 707 1099 potuit
728 1016 888 1099 consequi,
909 1016 972 1081 nisi
990 1021 1056 1082 tam
1070 1016 1204 1084 concisis
1218 1017 1362 1086 formulis
1384 1020 1438 1085 sin-

298 1117 390 1202 gulas
412 1136 463 1183 res
484 1115 692 1199 significauit,
714 1117 826 1200 quales
847 1117 900 1185 hic
921 1118 989 1185 illic
1010 1117 1182 1185 adnotatae
1204 1121 1332 1187 suntin
1354 1122 1439 1189 fastis

299 1219 505 1304 Capitolinis,
534 1224 568 1284 ut
588 1214 721 1286 ‘bellum
742 1220 895 1286 Punicum
917 1211 1080 1304 primum'‚
1099 1215 1274 1305 ‘(cousulcs
1297 1243 1315 1288 s
1336 1223 1440 1308 pl)cbe

298 1321 435 1406 primum
456 1321 558 1388 creari
579 1314 708 1406 coepti',
731 1323 823 1388 aliae.

385 1424 542 1503 Annalem
565 1423 680 1508 Attici,
706 1443 800 1506 quem
828 1424 911 1491 inter
940 1443 1041 1492 annos
1063 1429 1124 1491 700
1140 1448 1170 1495 u.
1185 1448 1212 1494 c.
1241 1433 1273 1494 ct
1296 1432 1356 1494 708
1378 1429 1439 1494 edi-

300 1532 367 1593 tum
389 1545 459 1592 esse
474 1531 606 1608 constat,
630 1546 700 1591 cum
720 1527 992 1612 septingentorum
1005 1547 1159 1595 annorum
1174 1529 1361 1596 memoriam
1375 1551 1440 1598 con-

300 1627 438 1710 tinuerit,
461 1646 609 1694 exorsum
624 1646 695 1695 esse
709 1635 844 1712 apparet
858 1628 899 1695 ab
915 1629 995 1695 urbe
1010 1629 1148 1713 condita,
1170 1631 1204 1696 id
1226 1637 1275 1697 est
1297 1652 1337 1698 ex
1356 1633 1441 1700 tertio
1520 1680 1521 1689 η

300 1735 413 1799 sextae
435 1730 626 1815 olympiadis
648 1751 730 1797 anno
753 1729 809 1814 (=
824 1734 885 1794 753
901 1751 930 1797 a.
946 1730 1019 1797 Chr.
1034 1730 1097 1816 n),
1125 1750 1187 1813 quo
1210 1733 1298 1800 urbis
1323 1734 1443 1799 initium

300 1833 449 1900 statuisse
471 1832 613 1898 Atticum
633 1832 744 1899 scribit
765 1833 892 1899 Solinus
914 1831 958 1915 (1,
974 1832 1039 1916 27).
1077 1832 1143 1900 Sed
1164 1835 1261 1902 etiam
1276 1834 1443 1920 Capitolini

300 1935 390 2016 fasti,
419 1934 526 2000 exorsi
555 1955 596 2001 ex
618 1935 731 2001 eodem
759 1954 844 2000 anno
865 1953 896 1999 a,
919 1935 991 2001 Chr.
1014 1956 1045 2001 n.
1067 1940 1147 2020 753,
1174 1957 1283 2020 regum
1309 1944 1444 2006 aetatem

300 2041 518 2122 respexerunt,
541 2056 611 2102 cum
633 2034 841 2120 triumphales
863 2037 994 2102 tabulae
1010 2037 1182 2105 exhibeant
1196 2039 1374 2124 triumphos
1388 2042 1443 2107 Ro·

301 2139 396 2222 muli,
418 2137 586 2219 Tarquinii
606 2135 722 2220 Prisci,
751 2137 819 2204 Ser.
842 2138 955 2222 Tullii,
985 2139 1151 2221 Tarquinii
1174 2138 1328 2226 Superbi,
1359 2149 1391 2209 et
1415 2143 1446 2207 in

302 2239 521 2308 consularibus
542 2257 668 2320 quoque
690 2238 851 2323 lapidibus
873 2239 1001 2307 nomina
1022 2261 1132 2325 regum
1147 2239 1331 2309 enumerata
1353 2245 1446 2311 fuisse

302 2363 343 2409 ex
354 2341 451 2426 spatii
462 2339 619 2425 deperditi
628 2342 751 2408 ratione
766 2342 986 2426 comprobauit
995 2342 1124 2410 Hermen
1137 2345 1185 2427 (C.
1197 2345 1223 2409 Ι.
1235 2345 1271 2409 L.
1282 2345 1306 2410 Ι.
1320 2367 1354 2430 p.
1364 2346 1446 2428 420).

388 2444 528 2510 Summis
543 2443 715 2511 efferuntur
736 2445 885 2511 laudibus
907 2464 928 2509 a
950 2445 1109 2513 ueteribus
1131 2447 1245 2512 merita
1268 2447 1344 2514 libri
1366 2448 1448 2514 illius

302 2547 344 2613 de
375 2547 471 2613 rebus
502 2545 731 2631 chronologicis
754 2541 948 2632 (explicatis
979 2545 1143 2614 ordinibus
1176 2541 1361 2632 temporum²
1385 2548 1449 2615 Cic.

301 2649 407 2733 Brut,
419 2643 627 2716 ‘conseruatis
641 2649 822 2731 notatisque
835 2640 1036 2733 temporibus'
1051 2648 1093 2716 id.
1110 2650 1211 2733 orat).
1233 2647 1322 2728 Quod
1333 2650 1451 2741 fecisse

303 2749 429 2816 uidetur
451 2750 575 2816 Atticus
605 2750 787 2834 compositis
815 2750 1050 2835 olympiadibus
1073 2771 1145 2817 cum
1166 2751 1258 2817 annis
1279 2751 1369 2818 urbis
1389 2751 1450 2819 Ro

303 2869 376 2916 mae
399 2851 626 2932 consulumque
648 2851 802 2935 collegiis,
824 2870 898 2918 nam
914 2871 1024 2919 omncs
1043 2852 1074 2919 ei
1089 2853 1164 2919 anni
1187 2874 1228 2920 ex
1250 2854 1360 2919 annali
1381 2873 1451 2938 pro-

301 2953 443 3019 feruntur
464 2952 721 3038 ascriptoribus,
742 2953 902 3038 olympias
923 2952 1068 3021 aSolino
1082 2954 1104 3020 l.
1120 2956 1158 3039 l.,
1180 2956 1255 3021 anni
1269 2956 1359 3022 urbis
1380 2975 1451 3022 con·

303 3055 390 3122 ditae
419 3075 439 3121 a
466 3054 619 3123 Cicerone
647 3055 747 3139 (Brut.
773 3059 822 3140 18,
845 3055 918 3139 72),
946 3056 1022 3122 anni
1049 3057 1231 3124 consulares
1262 3058 1304 3123 ab
1338 3057 1453 3125 eodem

303 3157 456 3224 Cicerone
470 3156 527 3241 (ad
537 3158 602 3224 Att.
618 3161 666 3242 12,
678 3161 729 3241 23,
743 3157 776 3242 2)
791 3163 823 3225 ct
834 3157 980 3225 Cornelio
992 3158 1117 3243 Nepote
1133 3158 1250 3241 (Hanc.
1267 3157 1330 3244 13).
1353 3160 1453 3227 Plane

260 3328 264 3337 ,
303 3259 417 3326 eadem
440 3260 562 3327 ratione
583 3260 659 3325 lasti
681 3260 854 3345 Capitolini
881 3261 915 3325 in
941 3260 1047 3327 indice
1068 3261 1310 3345 magistratuum
1333 3283 1452 3346 epony·

303 3382 426 3429 morum
441 3361 564 3428 decimo
581 3380 707 3444 quoque
721 3383 804 3431 anno
827 3361 1011 3430 adscribunt
1033 3382 1198 3429 numerum
1219 3364 1296 3430 anni
1317 3365 1361 3430 ab
1377 3364 1454 3430 urbe

304 3464 442 3548 condita,
465 3469 499 3531 ut
515 3465 583 3546 DL,
606 3465 706 3548 DLX,
727 3465 860 3547 DLXX,
878 3459 1010 3531 ‘notatis
1026 3457 1231 3550 temporibus’
1257 3466 1395 3550 perinde
1409 3471 1453 3531 at·

304 3585 366 3648 que
388 3565 485 3633 Attici
507 3566 605 3633 liber:
629 3565 931 3633 ciOic.orat.120.
967 3567 1114 3649 Denique
1129 3572 1164 3634 ut
1184 3566 1218 3633 in
1241 3567 1455 3634 marmoribus

304 3667 503 3752 Capitolinis,
525 3668 571 3734 ita
586 3667 618 3734 iu
633 3667 741 3734 annali
757 3687 884 3750 quoque
897 3669 972 3735 anni
988 3669 1140 3751 cuiusque
1156 3670 1339 3736 consulibus
1354 3670 1458 3736 fuisse

304 3769 469 3836 adiunctas
498 3790 549 3836 res
577 3777 701 3853 gestas,
732 3770 850 3838 diserte
872 3770 949 3836 dicit
971 3771 1080 3856 Nepos
1101 3771 1175 3837 l.1.:
1194 3765 1296 3838 ‘nulla
1317 3771 1374 3837 lex
1400 3820 1459 3838 ...

303 3870 394 3936 nulla
415 3891 466 3937 res
569 3890 652 3953 quae
674 3874 791 3938 nonin
814 3893 852 3939 eo
875 3893 932 3939 suo
953 3878 1095 3958 tempore
1118 3873 1159 3940 sit
1180 3865 1307 3940 notam?

391 4024 415 4086 1)
433 4019 529 4074 Utrum
543 4036 639 4077 reuera
650 4022 812 4091 septingenti
824 4023 887 4076 anni
898 4023 968 4077 libro
980 4037 1011 4077 eo
1024 4023 1144 4078 contenti
1158 4023 1266 4090 fuerint,
1284 4039 1320 4078 an
1331 4029 1462 4092 praeter·

303 4110 417 4175 propter
434 4104 507 4159 dicat
525 4105 620 4162 Cicero
638 4122 786 4173 numerum,
805 4123 838 4162 ex
854 4107 940 4175 ipsius
959 4107 1048 4163 uerbis
1066 4123 1121 4163 non
1139 4108 1235 4163 elucet.
