3108 4902
447 347 489 402 De
505 346 585 402 116116
603 344 791 401 consularibus
808 344 1010 415 antiquissimis.
1241 345 1302 405 201

154 521 327 603 Diodorus,
344 525 454 585 auctor
470 519 511 586 de
526 519 787 602 praenominibus
803 519 847 600 (p.
860 521 922 582 743
937 518 1100 602 Kempff.).
1135 518 1201 585 Sed
1218 519 1304 602 quod

154 624 254 689 habet
274 622 385 687 Liuius
408 640 595 704 cognomen,
618 638 751 702 grauem
778 626 887 686 mouet
909 619 1148 686 dubitationem.
1193 620 1302 687 (iorni-

153 727 234 792 cinis
250 726 335 789 enim
350 742 536 807 cognomen,
561 721 646 804 quod
662 723 695 786 in
710 720 818 805 Oppia
837 727 935 805 gente
948 727 1017 787 erat
1031 722 1192 805 usitatum,
1215 723 1303 806 apud

151 828 313 894 neminem
334 825 509 892 Aebutium
532 825 700 907 inuenitur,
722 830 820 907 atque
841 823 1028 889 Postumum
1051 822 1234 909 Aebutium,
1260 825 1302 892 de

153 950 217 1012 quo
240 929 411 1011 quaeritur,
434 933 470 992 ut
483 925 606 991 Idatius
621 927 784 1008 ceterique
805 930 952 993 auctores
974 927 1044 1009 ipse
1059 926 1170 992 Liuius
1192 929 1302 1010 paullo

152 1038 226 1115 post
238 1031 403 1107 (uicesimo
415 1015 517 1094 altero
529 1029 647 1112 capite)
662 1026 742 1094 dicit
753 1028 867 1093 Eluam
883 1034 915 1093 61
929 1034 1026 1111 caput
1040 1027 1122 1093 illud
1134 1048 1175 1094 ex
1187 1029 1302 1095 eodem

150 1132 239 1198 fonte
254 1132 401 1198 hausisse
415 1129 553 1214 Liuium,
577 1149 672 1212 quem
687 1130 842 1196 uicesimo
857 1130 959 1196 altero
975 1131 1127 1214 sequitur,
1150 1151 1172 1196 a
1186 1131 1301 1198 Petero

149 1240 198 1301 est
221 1234 480 1316 demonstratum,
506 1238 541 1297 ut
563 1233 628 1298 iam
650 1253 681 1316 p.
696 1233 756 1296 186
778 1232 897 1297 monui.

236 1336 317 1403 Gum
340 1336 393 1401 uel
415 1335 564 1417 Dionysii
586 1340 683 1416 atque
697 1333 794 1399 Idatii
816 1334 915 1400 mirus
937 1334 979 1400 sit
1001 1354 1182 1417 consensus,
1204 1336 1302 1420 plane

149 1437 340 1505 incredibile
368 1443 433 1520 est,
462 1457 535 1503 eum
562 1436 669 1519 ipsum
697 1455 807 1502 casum
828 1436 862 1500 in
883 1435 977 1501 Liuio
1001 1456 1128 1520 quoque
1150 1438 1197 1504 ita
1218 1439 1301 1505 acci-

149 1541 251 1622 disse,
288 1545 323 1604 61
350 1539 473 1605 Idatius
502 1538 584 1603 illud
612 1557 715 1620 usque
741 1557 783 1603 ex
812 1539 1029 1621 compluribus
1058 1540 1213 1607 1661616111
1241 1540 1301 1607 Ga-

149 1642 357 1725 pitolinorum
369 1640 566 1706 exscriberet
578 1658 765 1723 cognomen,
778 1640 864 1722 quod
877 1659 918 1705 ex
933 1642 1103 1708 annalibus
1114 1644 1302 1728 sumpsisset
1407 1710 1409 1713 ,

147 1742 271 1825 Liuius,
295 1761 390 1824 quem
412 1741 504 1807 fastis
527 1740 717 1824 Capitolinis
739 1760 803 1806 non
825 1760 896 1806 esse
918 1761 1011 1807 usum
1033 1745 1161 1809 scimus.

236 1842 301 1909 Sed
323 1844 420 1909 latius
442 1844 539 1908 etiam
562 1849 652 1926 patet
674 1842 850 1908 similitudo
872 1842 1026 1908 fastorum
1039 1843 1247 1911 Liuianorum
1269 1853 1302 1912 et

147 1945 376 2028 idatianorum,
399 1966 496 2029 quam
519 1944 697 2012 clarissime
712 1945 932 2028 cognoscimus
948 1965 990 2011 ex
1011 1947 1197 2030 compositis
1219 1948 1301 2014 inter

147 2067 183 2114 se
205 2048 371 2130 utriusque
394 2048 533 2114 auctoris
556 2047 656 2114 fastis.

231 2149 360 2216 Habent
381 2156 504 2216 autem:

295 2268 455 2333 Idatius
892 2267 1035 2334 Liuius

163 2398 226 2437 aun.
240 2384 289 2436 361
325 2381 448 2434 Macrino
669 2383 693 2444 3,
713 2384 754 2435 65.
785 2381 824 2437 M.
844 2382 980 2448 Geganius
998 2382 1163 2441 Macerinus.

334 2471 361 2518 et
378 2465 475 2519 Iulio.
788 2465 817 2519 G.
835 2464 959 2521 Iulius.

179 2581 212 2590 -
249 2552 298 2604 308
333 2549 440 2603 Furio
670 2551 695 2616 3,
713 2551 755 2602 66.
785 2548 817 2601 Τ.
836 2548 978 2616 Quinctius
996 2548 1173 2618 Capitolinus.

334 2637 361 2688 et
379 2633 539 2702 Capitolino.
787 2633 941 2702 Agrippa
958 2634 1093 2690 Furius.

179 2749 213 2759 -
249 2721 298 2773 369
334 2717 485 2772 Genucio
669 2721 737 2783 4,1.
784 2718 822 2772 M.
843 2718 1025 2775 Genucius.

333 2808 361 2856 et
378 2801 500 2856 Gurtio.
788 2801 818 2857 P.
838 2803 1008 2862 Curatius.

177 2915 213 2926 —
247 2889 297 2939 310
332 2886 396 2941 trib.
415 2886 469 2940 mil.
488 2900 564 2940 cous.
581 2896 638 2954 pot.

178 3001 211 3011 -
247 2974 295 3026 311
331 2970 456 3026 Macrino
669 2974 694 3036 4,
712 2974 737 3025 6.
784 2971 823 3024 M.
843 2971 979 3039 Geganius
997 2972 1161 3028 Macerinus.

333 3059 360 3109 et
378 3054 539 3124 Capitolino.
788 3055 820 3110 Τ.
839 3055 981 3122 Quinctius
1000 3054 1178 3124 Capitolinus.

180 3170 212 3180 —
250 3145 298 3196 312
333 3140 467 3195 Vibulano
669 3142 753 3207 4,11.
784 3139 823 3194 M.
841 3138 944 3193 Fabius
963 3139 1123 3194 Vibulanus.

333 3230 361 3280 61
378 3225 474 3280 Helua
502 3244 505 3251 Δ
785 3223 861 3278 Post.
879 3224 1013 3278 Aebutius
1031 3223 1172 3281 Cornicen.

177 3339 212 3349 -
249 3312 297 3363 313
331 3310 425 3364 Pacilo
668 3311 753 3374 412.
784 3308 814 3363 G.
833 3307 934 3362 Furius
952 3308 1081 3364 Pacilius.

332 3398 360 3448 et
378 3393 485 3450 Crasso.
784 3392 823 3448 M.
842 3393 968 3463 Papirius
986 3394 1109 3449 Crassus.

177 3508 212 3516 -
249 3482 299 3532 314
333 3478 473 3533 Macerino
666 3481 753 3546 111.
782 3477 862 3533 Proc.
882 3478 1018 3546 Geganius
1035 3478 1200 3534 Macerinus.

332 3569 360 3618 et
377 3565 491 3618 Lanato.
784 3562 817 3618 L.
836 3562 978 3617 Menenius
995 3563 1126 3616 Lanatus.

176 3677 212 3686 -
248 3649 298 3701 316
333 3644 426 3700 Mallio
435 3649 453 3711 ¹)
665 3649 751 3711 4,13.
780 3646 813 3702 Τ.
832 3646 974 3714 Quinctius
992 3646 1169 3715 Capitulinus.

331 3734 359 3785 et
376 3729 536 3799 Capitolino.
783 3733 847 3798 Agr.
866 3730 1008 3785 Menenius
1024 3731 1157 3786 Lanatus.

142 3837 345 3845 -—-——--

232 3920 255 3978 1)
269 3909 383 3970 ‘Mallio'
393 3916 526 3970 Μαλλίου
543 3914 616 3983 quod
627 3920 716 3969 exstat
728 3914 801 3983 apud
809 3915 926 3970 Idatium
938 3921 965 3970 et
975 3917 1003 3970 in
1013 3916 1148 3972 Chronico
1160 3918 1296 3985 Paschali

140 4015 199 4056 nou
221 4015 281 4054 esse
302 4016 400 4055 nomen
421 3996 600 4066 gentilicium,
628 3999 677 4054 sed
703 4000 882 4070 deprauatum
910 4017 1058 4069 cognomen
1073 3997 1205 4059 ‘Lanato’
1223 4003 1296 4072 quod

139 4086 226 4140 habet
243 4084 346 4151 Liuius,
365 4101 448 4155 supra
466 4085 579 4154 exposui
595 4100 622 4154 p.
635 4089 693 4139 192.
