3108 4902
420 360 462 415 De
477 357 557 415 fastis
576 355 762 413 consularibus
778 356 978 425 antiquissimis.
1207 357 1266 418 237

131 556 238 604 rorum
259 535 396 601 uirorum
411 532 605 617 propagines
619 530 776 613 possimus
792 520 996 612 oognoscere'
1012 536 1043 596 et
1057 530 1166 614 paullo
1181 538 1267 614 post:

130 632 322 722 ‘parimodo
338 632 396 718 (sc.
409 627 576 700 ‘familiam
591 652 612 697 a
626 632 725 715 stirpe
746 630 789 697 ad
804 630 886 697 hanc
908 636 1045 698 aetatem
1061 632 1171 699 ordine
1193 653 1268 699 enu-

131 760 264 824 merans,
286 743 400 803 000000
433 735 488 818 qui
508 755 530 800 a
552 752 679 817 quoque
708 738 803 816 ortus,
825 751 905 816 quos
927 731 1063 800 honores
1091 736 1269 818 quibusque

130 840 325 926 temporibus
348 827 514 923 cepisset')
528 834 671 901 Marcelli
686 833 813 901 Claudii
827 837 882 912 (so.
897 838 1022 918 rogatu)
1036 834 1268 921 Marcellorum,

131 942 291 1029 Scipionis
313 938 454 1007 Cornelii
476 932 717 1023 [Corneliorum]
729 940 750 1011 1)
779 942 810 1002 00
830 936 924 1003 Fabii
945 937 1077 1003 Maximi
1098 937 1270 1005 Fabiorum

99 1098 101 1109 ,
130 1052 162 1111 00
191 1032 424 1110 Aemiliorum'.
475 1038 569 1119 Quod
598 1058 652 1106 cur
679 1038 790 1105 fecerit
818 1057 879 1105 nec
900 1037 968 1105 sine
994 1040 1124 1124 negotio
1159 1040 1270 1108 1000010

127 1147 262 1228 Atticus,
291 1145 319 1211 si
341 1143 537 1211 exstitissent
558 1142 591 1206 10
613 1141 760 1225 gentibus
782 1141 847 1207 illis
868 1146 1036 1207 stemmata
1055 1141 1130 1208 inde
1152 1143 1193 1208 ab
1215 1163 1269 1208 an-

126 1247 315 1331 tiquissimis
344 1245 526 1313 consulibus
548 1263 673 1326 exorsa,
697 1242 845 1326 equidem
866 1263 930 1308 000
952 1243 1056 1310 uideo.
1089 1245 1202 1327 Itaque
1224 1245 1269 1311 fa·

127 1369 201 1416 cere
222 1369 286 1415 non
308 1368 447 1432 possum,
470 1351 505 1412 ut
526 1347 684 1412 sinceram
704 1349 906 1411 stemmatum
916 1348 1103 1412 memorium
1118 1347 1269 1429 antiquis-

126 1453 211 1535 sima
225 1455 330 1516 aetate
345 1450 377 1514 in
392 1448 540 1532 gentibus
554 1446 714 1512 nobilibus
736 1446 863 1513 credam
885 1448 1055 1531 exstitisse,
1078 1467 1270 1532 quamquam

125 1573 192 1619 non
206 1571 289 1636 nego
303 1550 379 1617 inde
393 1550 434 1616 ab
450 1550 514 1615 illis
528 1548 734 1632 temporibus,
758 1549 872 1631 quibus
885 1547 1083 1617 efflorescere
1098 1556 1271 1636 coeperunt

126 1656 254 1719 litterae
268 1659 365 1735 atque
379 1650 519 1719 studium
533 1669 585 1716 res
607 1670 628 1715 a
641 1650 814 1717 maioribus
829 1657 935 1734 gestas
950 1652 1112 1736 noscendi,
1134 1652 1269 1738 diligen·

127 1762 177 1820 ter
191 1753 358 1820 mandatas
381 1772 451 1839 esse
465 1752 578 1818 litteris
601 1751 793 1835 propagines
814 1752 989 1834 gentilium.

212 1854 359 1937 Accedit,
390 1852 478 1938 quod
507 1853 634 1919 omnino
663 1871 727 1917 non
749 1852 790 1917 ab
819 1852 909 1918 initio
932 1858 1004 1919 0000
1025 1853 1112 1921 001101
1133 1855 1269 1922 Romani

125 1976 323 2040 praenomen
343 1961 510 2039 paternum
530 1954 652 2020 nomini
673 1953 864 2020 adscribere.
908 1954 1021 2037 Neque
1043 1956 1129 2021 00100
1150 1958 1183 2022 10
1204 1956 1269 2023 11110

124 2060 324 2142 testimoniis,
347 2077 429 2141 quae
443 2056 488 2122 ad
501 2057 723 2139 antiquissima
743 2062 947 2123 monumenta
963 2057 1131 2124 redeuntia
1152 2059 1269 2143 cobegi

125 2163 160 2226 10
188 2161 291 2245 primo
322 2161 427 2244 capite
461 2159 692 2225 dissertationis
726 2157 830 2242 huius,
859 2158 958 2224 ullum
989 2166 1093 2226 exstat
1124 2159 1269 2227 additum

123 2281 319 2348 praenomen
341 2268 508 2345 paternum
530 2267 586 2326 aut
606 2260 735 2326 anitum.
779 2260 1003 2344 Antiquissimi
1034 2263 1089 2345 qui
1111 2269 1183 2329 sunt
1204 2282 1267 2329 ser·

122 2364 194 2429 uati
208 2364 302 2445 tituli,
324 2363 417 2428 000010
433 2363 501 2427 1000
516 2367 589 2427 ante
606 2360 766 2427 (1100100000
783 2363 912 2429 0000010
928 2363 1063 2445 oriundi,
1085 2366 1185 2447 patris
1201 2369 1267 2430 tan-

122 2473 193 2531 tum
215 2463 353 2547 produnt
374 2481 499 2529 nomen.
537 2461 632 2540 Quod
645 2463 823 2528 inuenimus
844 2464 909 2529 iam
924 2464 956 2529 in
972 2463 1095 2531 duobus
1109 2466 1268 2549 prioribus

122 2566 313 2649 Scipionum
341 2565 441 2631 titulis
470 2563 557 2641 ((1.1.
574 2564 609 2628 L.
625 2564 656 2647 I,
679 2565 719 2627 29
736 2569 767 2629 00
783 2563 851 2646 31),
880 2565 913 2629 10
938 2564 1048 2630 tabula
1069 2566 1105 2630 P.
1129 2566 1268 2632 Cornelii

121 2668 199 2734 L.f.
228 2667 366 2734 consulis
387 2667 475 2743 (anni
498 2667 569 2750 518,
599 2672 634 2731 ut
654 2666 863 2751 probabiliter
891 2667 1007 2732 conicit
1027 2667 1201 2736 Mommsen
1223 2669 1267 2734 ib.

121 2793 157 2856 p.
174 2770 227 2846 22)
249 2775 345 2851 atque
367 2770 401 2833 in
422 2769 653 2851 antiquioribus
675 2768 842 2834 Furiorum
868 2768 1126 2852 inscriptionibus
1148 2771 1267 2837 Tuscu-

121 2871 209 2938 lanis
232 2876 264 2935 00
285 2870 455 2952 00001001).
498 2869 630 2937 Ρο00000
644 2870 744 2953 000010
765 2870 819 2934 001
841 2889 967 2953 quoque
989 2892 1182 2955 praenomen
1203 2895 1267 2941 000

212 3022 236 3084 1)
253 3017 366 3073 Codices
389 3016 503 3086 Nepotis
529 3017 568 3071 itu
591 3017 716 3071 exhibent
740 3016 830 3072 locum
851 3033 925 3072 eum:
948 3012 1210 3076 ζ1100001110100011
1235 3024 1268 3077 de

119 3102 323 3172 Marcellorum,
341 3101 603 3172 Scipioniscornelii
619 3106 646 3155 00
662 3100 742 3156 Fabii
753 3102 864 3156 Maximi
873 3103 1019 3157 Fabiorum
1036 3106 1064 3158 et
1073 3099 1267 3163 Aemiliorum'.

118 3186 179 3244 Ubi
200 3192 290 3243 tamen
313 3191 376 3258 post
394 3177 537 3243 ‘cornelii'
557 3179 768 3241 ‘Corneliorum’
786 3186 920 3242 excidisse
939 3192 1018 3256 puto,
1037 3203 1100 3243 nam
1117 3189 1269 3259 Scipionem

118 3271 214 3342 gentis
230 3271 333 3327 Fabiae
355 3278 437 3342 atque
453 3270 584 3327 Aemiliae
606 3270 659 3326 sibi
682 3271 844 3340 expetinisse
866 3273 1062 3328 enarrationem
1085 3290 1180 3344 parum
1201 3276 1267 3331 mihi

117 3356 232 3413 uidetur
260 3358 415 3414 uerisimile.
458 3357 561 3413 Fabius
588 3361 678 3412 000000
700 3387 734 3396 -
755 3357 773 3411 1.
792 3372 815 3412 0.
833 3357 864 3425 Q.
887 3356 989 3414 Fabius
1013 3358 1148 3414 Maximus
1172 3362 1267 3418 consul

119 3442 190 3501 anni
208 3447 256 3497 101
281 3473 316 3482 -
339 3458 399 3497 cum
420 3446 492 3499 esset
514 3457 649 3512 pronepos
666 3441 696 3510 ί).
714 3441 794 3497 Fabii
809 3442 961 3509 Aemiliani,
979 3443 1099 3512 abnepos
1116 3445 1148 3499 L.
1161 3446 1267 3501 Aemilii

115 3527 213 3585 Paulli
238 3526 283 3593 (01,
302 3527 347 3581 Du
363 3527 433 3583 Rleu
449 3526 483 3582 de
504 3530 584 3596 gente
605 3526 693 3583 Fabia
712 3527 798 3596 Lugd.
819 3532 997 3598 18560449)
1021 3544 1075 3584 000
1100 3529 1159 3586 0100
1184 3546 1267 3588 causa

116 3613 264 3681 utriusque
282 3612 369 3680 gentis
386 3612 515 3668 historiae
532 3612 646 3682 studuit;
664 3612 728 3681 quid
745 3618 834 3667 000000
846 3612 932 3668 Fabia
948 3615 976 3668 00
992 3612 1106 3669 Aemilia
1122 3622 1214 3683 gentes
1232 3618 1267 3673 ad

117 3697 276 3766 Scipionem
297 3696 488 3766 pertinuerint,
506 3711 562 3751 non
583 3696 719 3766 intelleg03
743 3712 806 3752 narn
823 3713 920 3763 unum,
944 3698 990 3766 qui
1006 3703 1081 3753 ortus
1099 3708 1140 3755 000
1157 3706 1267 3769 egente

116 3783 249 3848 Aemilia,
274 3779 439 3850 Scipionem,
461 3781 589 3835 minorem
606 3779 778 3846 Africanum,
801 3798 856 3836 000
872 3782 1013 3850 reliquisse
1028 3783 1127 3840 liberos
1150 3790 1264 3842 constat.

117 3870 202 3925 Certe
219 3867 360 3933 facillime,
384 3868 415 3919 ut
431 3872 495 3934 post
510 3881 605 3921 000000
623 3858 763 3919 ‘Cornelii’
781 3880 877 3920 nomen
895 3865 1031 3921 excideret
1050 3865 1264 3939 ‘Corneliorum',

115 3958 235 4021 apparet
251 3952 311 4007 fieri
327 3950 458 4021 potuisse.

208 4042 232 4104 2)
250 4037 337 4092 Patris
350 4034 512 4090 adscribitur
522 4049 620 4089 nomen
632 4034 713 4089 etiam
724 4036 752 4087 in
764 4035 949 4104 antiquissimo
961 4037 1039 4092 010010
1052 4038 1167 4105 Falisco,
1186 4055 1264 4107 quem

116 4137 185 4178 curn
201 4124 260 4191 1000
275 4123 379 4178 Romae
397 4120 570 4177 contulissem
587 4119 615 4175 in
631 4134 723 4176 museo
740 4119 918 4177 Kireheriano
936 4127 1082 4194 seruatum,
1100 4140 1193 4194 nuper,
1211 4140 1264 4193 qua

1010 4211 1062 4263 16*
