3108 4902
401 331 443 387 De
460 332 539 387 farus
556 330 743 388 consularibus
760 330 960 400 antiquissimis.
1191 332 1253 395 283

194 507 263 575 Iam
290 507 386 590 igitur
414 511 516 572 ortam
545 523 615 571 esse
643 504 862 572 recensionem
883 503 1098 587 Capitolinam
1119 512 1255 589 apparet

111 609 330 677 contaminatis
352 606 443 674 fastis
466 607 523 690 eis,
547 625 681 689 quorum
702 611 827 691 partem
847 606 988 673 seruauit
1008 606 1180 692 Diodorus,
1205 614 1252 674 at·

110 730 173 794 que
187 710 370 777 Licinianis.
406 709 583 790 Utramque
605 709 691 774 enim
712 708 866 775 fastorum
884 709 1112 793 recensionem,
1136 731 1252 794 cogno·

108 814 196 881 mina
217 812 380 881 consulum
402 809 607 876 exhibentem
628 811 800 876 contulisse
822 807 949 876 uidetur
970 814 1080 877 auctor
1099 810 1253 895 Capitoli·

108 934 167 985 nus
189 919 284 997 atqua
306 933 355 996 ea,
379 912 510 995 quaein
525 916 659 993 utraque
681 912 769 995 legit,
792 912 862 996 ipse
883 912 1030 996 posuisse
1052 913 1251 997 cognomina,

107 1036 178 1083 curn
200 1014 455 1097 discrepantibus
477 1013 542 1079 illis
564 1014 647 1080 inter
668 1032 703 1080 se
731 1014 869 1080 incertus
896 1014 966 1080 ueri
988 1019 1157 1096 utrumque
1177 1035 1250 1081 auc-

106 1122 207 1184 torem
229 1121 356 1184 secutus
377 1116 454 1182 bina
475 1115 608 1182 referret
634 1116 841 1198 cognomina,
871 1115 985 1182 eadem
1013 1116 1154 1199 ratione,
1187 1135 1252 1199 qua

104 1226 212 1286 nesus
227 1237 354 1302 quoque
368 1223 474 1285 aetate
489 1219 567 1285 satis
581 1218 672 1284 multi
686 1218 748 1284 uiri
764 1216 860 1300 docti,
878 1219 1003 1302 quoties
1018 1217 1147 1285 diuersa
1161 1218 1249 1302 apud

103 1320 249 1388 diuersos
276 1326 421 1387 auctores
450 1320 568 1387 tradita
597 1327 670 1387 sunt
696 1320 833 1388 Romani
855 1321 991 1388 alicuius
1013 1321 1152 1389 consulis
1175 1341 1248 1405 cog·

102 1424 247 1506 nomina,
283 1428 429 1488 neutrum
458 1429 621 1488 auctorem
650 1427 836 1505 spernentes
872 1427 1040 1506 utrumque
1073 1443 1250 1506 cognomen

101 1525 148 1589 illi
173 1523 309 1590 inditum
330 1524 428 1591 fuisse
450 1525 610 1590 coniciunt
621 1521 656 1604 ¹).

188 1625 302 1707 Neque
316 1631 424 1691 tamen
438 1626 522 1693 malo
539 1624 615 1691 dolo
637 1624 753 1691 fecisse
768 1625 928 1708 putandus
945 1631 993 1693 est
1011 1625 1169 1718 reductor,
1192 1626 1252 1694 sed

101 1725 274 1797 bonafide
295 1732 331 1792 ut
352 1727 517 1810 utriusque
538 1728 713 1793 memoriae
743 1725 877 1813 haberet
903 1728 1059 1793 rationem
1087 1730 1251 1811 geminata

102 1828 297 1911 cognomina
311 1828 427 1895 effecit.
462 1828 542 1895 Cum
557 1833 664 1895 autem
679 1829 713 1894 in
728 1826 904 1895 conflandis
925 1829 1164 1896 recensionibus
1185 1851 1249 1897 non

98 1920 237 2012 uideret,
258 1929 346 1996 idem
368 1930 497 2014 saepius
520 1949 697 2013 cognomen
712 1928 842 1996 diuersa
856 1935 964 1995 tamen
985 1929 1089 1995 forma
1110 1931 1143 1995 in
1164 1936 1249 1998 utra·

100 2049 164 2113 que
186 2030 308 2124 referri,
328 2031 456 2116 accidit,
478 2037 513 2097 ut
535 2033 728 2115 cognomina
749 2031 836 2097 idem
857 2030 1073 2114 significantia
1094 2031 1249 2098 Sabinum

100 2138 133 2198 et
154 2133 372 2216 Regillensem
388 2132 603 2217 Claudiorum,
619 2135 738 2199 Rufum
760 2139 793 2200 et
807 2133 943 2199 Flauum
964 2133 1150 2201 Larciorum
1173 2155 1248 2202 con-

99 2235 209 2304 iuncta
236 2240 451 2318 componeret.
500 2236 670 2302 Rationem
698 2237 794 2303 istam
828 2235 1005 2303 reductoris
1035 2256 1132 2319 quam
1161 2238 1248 2304 lucu-

98 2335 278 2402 lentissime
307 2335 608 2419 comprehendimus
636 2357 721 2402 anno
743 2340 821 2420 299,
855 2339 911 2404 ubi
941 2358 1013 2404 cum
1040 2337 1075 2404 C.
1097 2339 1248 2407 Veturius

69 2514 73 2523 ‚
98 2437 211 2504 consul
242 2436 367 2502 dicatur
385 2429 577 2503 ‘Cicurinus’
596 2438 630 2503 in
658 2439 750 2505 fastis
772 2438 961 2525 Diodoreis,
990 2441 1108 2507 omisso
1131 2461 1248 2524 cogno-

97 2539 186 2609 mina
208 2537 297 2622 apud
317 2536 467 2620 idatium,
497 2539 560 2621 ipsi
582 2538 657 2605 fasti
679 2538 852 2622 Capitolini
878 2560 942 2605 uno
963 2545 1084 2618 mutum
1108 2540 1248 2608 Cicurini

99 2641 288 2724 cognomine
310 2659 383 2707 eum
403 2640 579 2725 appellant,
602 2660 795 2724 quamquam
808 2641 949 2724 reliquos
976 2661 1095 2725 omnes,
1118 2644 1247 2726 quicun-

98 2762 162 2824 que
184 2748 342 2827 apparent
363 2743 397 2809 in
414 2742 506 2808 fastis
528 2749 601 2810 ante
617 2764 734 2810 annum
751 2747 823 2827 499,
846 2744 994 2811 Veturius
1009 2744 1093 2811 binis
1107 2747 1249 2815 referunt

97 2843 357 2928 cognominibus,
377 2849 473 2939 antea
494 2843 625 2927 quidem
646 2845 800 2913 Caminos
823 2845 996 2930 Cicurinus,
1019 2854 1093 2930 post
1114 2847 1246 2917 Crassos

97 2945 308 3022 cicurmosr).
345 2943 457 3011 Simile
473 2945 552 3028 quid
565 2946 723 3014 accidisse
745 2949 924 3015 censuerim
945 2949 1037 3014 annis
1060 2951 1121 3013 355
1137 2956 1170 3015 et
1185 2953 1246 3014 356

185 3148 210 3209 1)
227 3144 377 3199 Mommsen
394 3143 482 3211 (Rom.
492 3144 604 3201 Forsclr.
620 3146 648 3201 Il
664 3162 691 3215 p.
702 3149 751 3200 233
769 3147 831 3202 adn.
843 3151 883 3212 15)
907 3151 933 3200 et
944 3145 1099 3203 Hirschfeld
1122 3146 1248 3213 (Hermes

92 3228 136 3283 IX
155 3245 183 3297 p.
195 3231 237 3293 95)
259 3229 291 3282 L.
308 3228 447 3298 Papirium
465 3229 602 3285 consulem
619 3230 684 3285 anni
702 3234 766 3295 435,
791 3246 869 3300 quern
892 3232 938 3285 alii
959 3233 1098 3285 nominant
1120 3236 1246 3288 auctores

93 3312 290 3381 Mugillanum,
308 3314 355 3367 alii
373 3314 528 3381 Cursorem,
549 3321 666 3386 utroque
683 3317 840 3384 cognomine
857 3331 917 3371 esse
934 3332 1013 3371 usum
1028 3321 1135 3385 putant,
1153 3331 1246 3384 quam·

95 3413 180 3468 quam
197 3397 348 3452 luculenter
363 3399 548 3455 demonstrant
565 3401 619 3455 loci
629 3401 701 3455 Liuii
719 3405 753 3466 (9,
764 3405 795 3454 15
807 3407 834 3455 et
846 3404 871 3467 8,
881 3405 924 3468 23)
941 3415 975 3455 ex
992 3400 1106 3456 diuersis
1123 3400 1245 3456 lontibus

95 3482 258 3553 cognomina
275 3482 322 3536 illa
338 3483 373 3537 ab
391 3498 423 3538 eo
441 3500 501 3540 esse
518 3489 627 3555 sumpta
644 3486 752 3555 Papirii.

183 3570 208 3633 2)
225 3568 258 3621 In
275 3567 345 3621 actis
355 3568 564 3638 triumphalibus
579 3571 645 3625 anni
660 3576 710 3627 292
728 3573 842 3627 alterum
860 3587 966 3642 quoque
985 3563 1165 3625 ‘Cicurinum'
1184 3586 1245 3640 cog·
1315 3574 1319 3581 ’

94 3668 195 3708 nomen
212 3652 327 3707 incisum
344 3652 442 3721 fuisse,
465 3655 538 3729 quod
554 3655 667 3711 Henzen
684 3658 808 3727 supplet,
826 3672 861 3712 ex
876 3658 1029 3713 litterarum
1046 3655 1245 3724 deperditarum

93 3753 208 3794 numero
227 3737 407 3805 cognoscitur
432 3737 531 3794 Moneo
546 3738 696 3795 Diodorum
712 3757 799 3811 usque
816 3741 936 3796 Cicurini
953 3740 1079 3794 exhibere
1097 3755 1245 3807 cognomen

1426 3666 1450 3719 'a

1411 3729 1418 3740 ¹
1429 3726 1441 3755 ci

92 3823 140 3888 (cf
152 3826 211 3886 292,
224 3827 282 3887 299,
300 3826 328 3876 et
316 3820 439 3877 tChron.
452 3827 501 3878 255
521 3828 549 3878 et
566 3828 634 3892 269),
651 3825 739 3881 fastos
756 3824 1017 3881 contraLicinianos
1035 3824 1139 3894 priores
1157 3824 1245 3880 dicere
1360 3875 1372 3896 ,
1386 3783 1437 3841 ⁴

91 3906 224 3962 Veturius
242 3906 370 3961 Geminos
388 3906 549 3970 (5225519
568 3911 617 3963 260
630 3908 693 3965 Chr.
705 3910 812 3975 Pasch,
831 3914 881 3964 292
898 3909 960 3965 Liu
972 3908 1065 3975 Dion)
1082 3909 1244 3978 posteriores
1337 3905 1370 3983 κ’
1380 3900 1392 3990 ⁴.

91 3994 186 4046 autem
203 3992 316 4047 Crassos
334 3989 379 4057 (cf.
398 3995 447 4045 337
465 3991 546 4060 Idu),
569 3994 608 4048 ita
625 4000 656 4049 ut
673 4009 707 4049 ex
722 3995 765 4050 his
783 4010 890 4064 quoque
907 4010 947 4064 ea,
966 4009 1046 4064 quam
1063 3993 1128 4059 dixi,
1149 3995 1252 4089 conta·-

90 4075 215 4131 minandi
230 4076 299 4133 ratio
317 4075 507 4146 perspiciatur
