3108 4902
259 317 319 379 176
681 309 822 369 commus
838 310 980 367 ¹ttiolmrius

256 489 404 573 poribus,
431 486 548 569 quibus
575 485 640 555 iam
667 502 797 567 prorsus
824 483 858 549 in
885 484 1029 566 linguam
1056 482 1204 551 hunam
1233 484 1406 568 irrepserat

258 591 485 659 rhotaoismus:
515 588 553 654 of.
576 587 753 655 Mommsen
775 583 869 651 nom.
883 583 1017 651 Fumat.
1038 584 1054 649 Ι
1075 607 1106 671 p.
1121 587 1172 653 64.
1208 583 1302 663 Quae
1327 605 1405 655 uero

257 693 352 760 affort
372 690 490 759 Iordan
504 710 536 773 p.
550 692 610 757 tot
631 688 783 771 exempla
796 688 984 770 antiquioris
1007 688 1181 771 soriptnrse
1204 689 1238 754 in
1260 688 1405 756 tribubus

257 795 452 879 apparentis,
474 792 571 876 plane
585 790 668 857 alius
683 796 756 856 sunt
777 788 905 873 indolis,
929 790 1049 875 quippe
1071 809 1154 877 qnae
1176 790 1210 856 in
1229 791 1304 859 aliis
1327 810 1405 873 quo·

258 917 321 981 que
342 895 507 965 uocabulis
528 894 629 963 multo
645 893 767 961 diutius
788 893 965 976 niguerint;
987 897 1022 961 nt
1044 912 1085 959 on
1105 913 1165 978 pro
1186 912 1217 975 u,
1240 892 1328 976 quod
1349 912 1403 958 ex·

257 1000 374 1069 stetin
395 996 589 1065 Oufentinae
610 996 754 1079 nomine,
775 1000 912 1079 apparet
934 995 1030 1061 etiam
1052 995 1086 1063 in
1107 995 1181 1078 lege
1201 994 1342 1063 Antonia
1362 994 1405 1061 de

259 1100 492 1182 'Permessibus
514 1100 601 1167 oiroa
623 1117 741 1165 annum
761 1099 824 1162 683
846 1097 959 1180 ineisa,
981 1095 1017 1163 0.
1033 1096 1057 1165 Ι.
1073 1096 1109 1161 L.
1130 1097 1243 1180 Ltbt.

341 1201 447 1280 Quum
461 1202 603 1269 maxime
616 1205 724 1267 autem
739 1198 869 1269 Iordani
884 1200 1095 1267 sententioso
1110 1197 1295 1282 infirmatur,
1318 1200 1405 1282 quod

257 1304 369 1371 Liuius
390 1304 522 1370 nomina
543 1302 617 1386 illa,
646 1302 753 1368 littera
773 1322 791 1363 s
810 1302 946 1385 scripta,
972 1299 1070 1369 babet
1090 1301 1124 1370 in
1145 1300 1228 1368 libro
1250 1302 1349 1369 altero
1372 1308 1406 1368 et

256 1408 360 1490 primo
381 1405 450 1490 (Sp.
466 1405 581 1473 Fusius
595 1409 686 1490 paler
700 1408 844 1489 patratus
858 1403 928 1469 Liu.
947 1407 974 1486 1,
987 1406 1040 1481 24)
1063 1422 1143 1485 quos
1161 1423 1203 1470 ex
1218 1405 1404 1486 antiquiori·

256 1508 317 1577 bus
337 1508 503 1577 annalium
524 1506 743 1589 scriptoribus,
765 1504 868 1574 Fabio
888 1505 1015 1571 Platore
1038 1510 1071 1571 et
1090 1504 1265 1588 calpurnio
1286 1506 1403 1575 Pisone

256 1610 323 1679 fore
345 1614 471 1679 oonstst
493 1628 563 1677 esse
585 1607 726 1678 haustos.
763 1607 877 1690 Neque
899 1608 995 1690 igitur
1016 1608 1137 1677 formae
1159 1608 1237 1677 illae
1259 1629 1280 1674 a
1301 1628 1403 1691 grum·

256 1712 381 1779 matiois
403 1717 538 1797 possunt
559 1730 630 1779 esse
652 1709 746 1779 fictae
768 1708 903 1777 Sullana
925 1709 1054 1779 demum
1077 1715 1193 1777 aetate.

341 1812 478 1882 Aeoedit
505 1812 593 1896 quod
623 1813 656 1881 iu
684 1812 885 1882 Veturiornm
913 1810 1044 1895 quidem
1072 1812 1200 1880 nomine
1230 1813 1404 1895 antiquitus

211 1900 215 1908 ’
256 1917 394 1983 litteram
410 1936 426 1976 s
447 1915 588 1983 ualuisse
603 1933 645 1979 ex
659 1913 875 1997 etymologica
889 1932 1016 1996 quoque
1031 1914 1153 1981 ratione
1168 1912 1205 1981 fit
1218 1915 1403 1983 uerisimile.

257 2016 436 2085 Cohaerere
451 2017 536 2083 enim
550 2014 677 2085 uidetur
698 2033 770 2083 oum
793 2014 953 2083 adieetino
973 2006 1090 2083 ‘uetus'
1099 2017 1133 2095 1),
1155 2015 1240 2100 quod
1262 2017 1404 2083 nomina·

257 2119 324 2185 tino
340 2123 462 2183 tantum
477 2123 510 2185 et
525 2119 559 2185 in
573 2117 680 2185 uerbis
696 2117 881 2201 oompositis
900 2107 1081 2201 ‘uetustas’,
1101 2108 1270 2185 ‘uetustus'
1288 2119 1404 2203 prinoi-

256 2221 364 2306 palem
378 2220 548 2289 litterams
570 2224 686 2302 seruat,
710 2237 795 2301 qnae
816 2219 923 2287 littera
944 2220 978 2284 in
1001 2215 1140 2302 obliquis
1162 2220 1299 2304 ossibus,
1322 2222 1404 2289 iuter

256 2321 337 2391 duas
352 2322 482 2391 noealos
497 2322 612 2405 posita,
629 2339 687 2406 per
701 2319 927 2389 rhotaoismnm
943 2326 992 2389 est
1005 2326 1127 2391 mutata
1141 2320 1255 2390 eadem
1270 2323 1403 2406 ratione,

256 2443 321 2508 qua
348 2417 468 2491 ‘Venus
490 2413 651 2505 Veneris³‚
677 2415 790 2506 ‘genus
809 2413 962 2507 generis,
988 2416 1116 2506 ‘eorpus
1137 2415 1293 2509 eorporis'
1319 2425 1404 2493 faeta

255 2531 338 2597 sunt
388 2525 541 2609 Sigmatis
568 2526 742 2610 uestigium
770 2526 803 2593 in
832 2524 955 2595 Graeco
984 2544 1112 2609 quoqne
1144 2532 1242 2595 restat
1273 2527 1402 2593 nomine

255 2631 370 2707 fesor,
392 2630 512 2702 ficone
538 2629 619 2705 (orto
642 2647 684 2695 ex
704 2629 876 2706 filisu-09,
898 2629 1054 2711 ras-09).
1097 2628 1209 2710 Itaque
1230 2627 1306 2695 satis
1328 2646 1401 2711 pro·

255 2730 365 2798 babile
387 2735 452 2812 est,
480 2749 596 2797 nomen
617 2747 746 2811 quoqne
772 2729 909 2811 gentile,
940 2748 983 2797 ex
1011 2727 1124 2797 eadem
1152 2729 1260 2799 radiae
1288 2735 1400 2813 ortum,

253 2820 460 2914 ‘Veturium',
483 2835 578 2899 antea
599 2831 835 2914 pronuntiatum
852 2831 951 2898 fuisse
970 2824 1149 2901 ‘Vatusium
1168 2882 1176 2914 ‚
1198 2850 1303 2913 neque
1324 2851 1403 2901 suna

256 2933 390 3016 ratione,
412 2932 469 2998 ubi
483 2931 571 3016 opud
584 2937 731 3001 auctores
752 2933 870 3015 legitur
891 2952 931 3001 ea
951 2933 1063 3018 forma,
1086 2953 1158 3003 sera
1173 2932 1403 3005 deliberatione

256 3034 389 3105 inlatam
411 3033 563 3105 dieamus.

340 3135 437 3205 Haud
466 3137 563 3220 igitur
584 3135 716 3205 dubium
738 3134 817 3206 mibi
838 3134 978 3220 uidetur,
1008 3137 1085 3219 quin
1106 3136 1237 3207 nomino
1258 3137 1402 3207 Vetusiu-

255 3260 336 3322 rum,
357 3239 567 3322 Papisiorum
590 3236 790 3309 Valeriorum
812 3240 903 3321 (qnos
924 3243 1053 3323 praeter
1074 3239 1220 3309 Valerios
1240 3240 1340 3309 fuisso
1361 3257 1401 3307 ne

343 3392 368 3453 1)
386 3386 543 3443 Notandum
565 3389 621 3453 est,
643 3386 791 3443 Varronem
812 3403 919 3456 quoque
941 3387 1042 3454 (dell.
1057 3392 1134 3456 6,49)
1156 3418 1190 3431 -
1206 3388 1277 3443 Aelii
1293 3387 1402 3443 Stilonis

255 3476 323 3542 puto
342 3472 490 3528 carminum
507 3472 641 3527 Saliorum
663 3474 786 3529 secutum
807 3472 1055 3542 interpretationem
1078 3472 1123 3538 (ef.
1135 3473 1169 3528 (le
1180 3474 1226 3529 l.l.
1237 3478 1261 3541 t,
1271 3477 1295 3540 2)
1313 3504 1347 3515 -
1362 3472 1404 3527 illi

255 3559 350 3613 iuuere
365 3558 550 3628 etymologine,
569 3573 630 3615 eum
647 3556 721 3612 diost
733 3551 811 3615 ‘Sani
826 3557 899 3627 quod
912 3562 1023 3613 cantant
1042 3558 1174 3623 „Mamuri
1184 3558 1304 3624 vetunt,
1322 3558 1403 3628 sigui·

256 3642 340 3699 ficunt
356 3647 474 3699 ueterem
495 3635 669 3703 memoriam'.
706 3642 750 3701 stc
774 3641 844 3699 enim
868 3657 928 3701 esse
950 3643 1121 3703 scribendum
1138 3644 1301 3703 Plutarchus
1325 3644 1405 3701 donet

255 3727 412 3794 (Num.13):
431 3726 460 3785 oi
471 3727 500 3786 <lb
513 3721 547 3791 οὐ
558 3723 714 3802 Βετούριον
726 3724 899 3803 Μαμούριον
914 3722 989 3785 εἶναί
1005 3747 1076 3800 φασι
1092 3724 1145 3787 τὸν
1163 3722 1314 3809 ᾀδόμενον,
1331 3723 1404 3788 attin
1502 3781 1505 3785 .

258 3805 398 3886 Οὗετέρεμ
414 3815 575 3886 μεμορὶαμ,
598 3803 672 3882 ὅπερ
689 3811 750 3870 ἐστὶ
767 3809 892 3873 ,παλαιὰν
908 3810 1025 3887 μνήμην.
1061 3814 1136 3882 Quae
1152 3829 1188 3871 ex
1204 3816 1327 3871 Varrone
1344 3830 1405 3870 esse

255 3898 361 3963 hausta,
379 3903 453 3953 reete
464 3904 555 3954 monet
566 3899 647 3954 Peter
664 3893 730 3965 (die
742 3898 853 3967 Quelleu
865 3900 936 3955 Plut.
952 3901 981 3954 iu
993 3900 1019 3956 d.
1032 3900 1121 3968 Blogr.
1135 3900 1160 3955 d.
1171 3893 1279 3955 Romer'
1296 3917 1324 3971 p.
1337 3904 1406 3967 167).

256 3982 291 4037 ui.
304 3982 406 4038 Prsller
423 3982 502 4039 Rom.
515 3983 616 4056 Mytb.³
626 3985 640 4037 1
650 4001 678 4054 p.
689 3988 738 4039 359
748 4000 797 4053 sq„
814 3984 862 4053 qui
877 3984 936 4054 ipse
948 3978 1109 4041 ‘Veturium’
1127 3991 1155 4040 et
1168 3979 1268 4040 ‘notus'
1285 3985 1405 4041 eiusdem
1477 4037 1480 4043 ,

255 4082 315 4125 esse
332 4068 425 4138 stirpis
443 4074 543 4137 censet,
561 4085 625 4124 oum
641 4069 804 4128 Mamurium
814 4069 956 4128 Veturium
973 4071 1074 4130 habeat
1090 4085 1140 4140 pro
1151 4069 1284 4129 Mamerto
1295 4070 1404 4128 Vetere.
1436 4106 1447 4123 -.
1464 4098 1469 4106 ·
