3108 4902
282 327 344 389 222
706 327 844 383 Comedus
863 325 1003 384 Cichorius

283 499 384 570 Siculi
406 520 598 584 cognomen,
621 500 707 584 quod
728 502 904 567 Mommsen
927 498 1030 579 (Ram.
1043 495 1178 563 Forscl.
1200 499 1243 581 II,
1258 499 1333 573 293)
1356 498 1428 564 aliis

283 603 324 670 de
347 603 452 670 causis
473 609 656 687 suspectum
678 602 793 685 reddit,
816 622 880 669 non
902 620 937 668 se
955 602 1140 685 peruenisse
1163 620 1204 666 ex
1226 599 1341 683 priscis
1363 599 1428 665 illis

283 704 479 787 temporibus
495 704 537 770 ad
551 705 736 788 posterioris
751 704 866 770 aetatis
881 701 1026 770 homines
1041 707 1183 785 testatur,
1206 702 1327 785 quippe
1342 701 1429 783 quod

283 810 350 871 tum
373 805 501 872 demum
519 807 659 888 potuerit
674 807 707 871 in
722 824 813 871 usum
828 805 948 887 uenire,
971 824 1042 871 cum
1058 804 1123 869 iam
1137 805 1272 870 arctiore
1289 801 1428 886 quadam

283 907 518 974 necessitudine
535 928 606 974 cum
622 907 735 975 Sicilia
751 908 811 973 fuit
825 909 993 975 coniuncta
1006 908 1188 990 respublica
1202 907 1429 989 Romanorum,

283 1010 303 1074 i.
320 1028 347 1075 e.
363 1030 426 1076 non
441 1017 515 1076 ante
531 1011 676 1094 quintum
690 1010 777 1077 urbis
799 1010 968 1076 saeculum.
1006 1010 1092 1092 Ergo
1115 1009 1201 1093 quod
1222 1008 1295 1074 fasti
1310 1009 1430 1073 seruati

282 1110 346 1177 iam
370 1131 454 1177 anno
477 1115 538 1176 256
563 1112 716 1178 exhibent
737 1131 914 1194 cognomen
936 1110 1032 1194 illud,
1061 1130 1125 1176 non
1147 1130 1189 1177 ex
1210 1110 1342 1192 antiqua
1363 1129 1429 1175 me·

282 1214 385 1279 moria
401 1218 449 1279 est
464 1215 650 1298 profectum,
674 1213 733 1281 scd
747 1232 839 1279 serae
855 1212 989 1279 debetur
1002 1213 1189 1279 recensioni.
1226 1212 1311 1277 Nam
1332 1210 1429 1278 uehe-

282 1316 420 1381 mentius
442 1317 539 1382 etiam
559 1322 694 1401 erraret,
717 1316 772 1399 qui
794 1315 926 1383 referret
948 1334 1124 1400 cognomen
1145 1313 1189 1381 ad
1210 1314 1333 1398 priscos
1354 1314 1428 1381 illos

283 1415 418 1501 Siculos,
441 1437 521 1501 quos
543 1419 782 1502 antiquissimos
800 1418 913 1486 Italiae
935 1419 1035 1485 fuisse
1057 1418 1179 1484 incolas
1201 1415 1334 1483 credunt
1354 1435 1427 1483 auc·

283 1523 367 1584 tores
389 1524 524 1586 ueteres.

368 1619 473 1703 Atque
489 1622 523 1686 in
537 1621 686 1704 gentibus
708 1620 805 1704 hisce,
830 1621 933 1687 miuus
952 1620 1036 1687 notis
1052 1621 1220 1704 clarisque,
1244 1617 1359 1685 eadem
1372 1637 1427 1703 ap·

282 1739 397 1804 parere
412 1724 603 1806 cognomina
617 1724 650 1787 in
664 1723 755 1789 lastis
770 1723 923 1806 temporis
939 1722 1162 1805 antiquissimi,
1186 1741 1268 1805 quae
1282 1721 1429 1788 nouimus

283 1825 447 1892 hominum
476 1826 575 1893 multo
603 1827 832 1910 posteriorum,
862 1843 900 1890 eo
928 1823 1008 1890 mihi
1029 1825 1156 1891 uidetur
1177 1823 1429 1908 improbabilius,
1534 1850 1535 1853 ¹

283 1927 369 2011 quod
397 1928 576 1994 accuratius
606 1927 806 2010 perlustratis
835 1926 1075 2010 cognominibus
1103 1926 1245 2010 gentium
1271 1925 1430 1992 nobilissi-

282 2049 415 2112 mamm,
440 2047 573 2111 quarum
590 2029 704 2095 certior
720 2028 867 2095 exstabat
883 2028 1045 2112 memoria,
1070 2029 1196 2095 omnino
1211 2048 1275 2095 non
1290 2033 1357 2094 tam
1375 2027 1431 2094 diu
1533 2056 1535 2111 3

285 2129 398 2197 cadem
421 2131 612 2212 cognomina
633 2131 734 2197 teneri
756 2129 912 2196 uidemus.

369 2229 518 2297 Omnium
548 2233 633 2297 enim
663 2251 773 2298 eorum
802 2250 884 2314 quae
913 2231 1091 2297 referuntur
1117 2237 1192 2297 ante
1221 2251 1340 2298 annum
1369 2235 1430 2296 350

284 2333 508 2416 cognominum
528 2352 624 2399 unum
639 2333 830 2400 Manliorum
845 2353 1022 2417 cognomen
1034 2323 1158 2400 ‘Vulso’
1177 2333 1309 2417 uigebat
1328 2353 1431 2418 usque

284 2434 326 2500 ad
340 2455 458 2501 annum
475 2437 546 2518 570,
570 2455 634 2519 quo
657 2436 767 2502 consul
787 2442 856 2502 erat
869 2435 907 2501 A.
922 2436 1060 2502 Manlius
1075 2436 1184 2519 Vulso,
1208 2441 1303 2519 atque
1318 2437 1431 2503 Postu·

282 2536 417 2602 miorum
441 2556 618 2621 cognomen
636 2526 763 2604 ‘Albus’
788 2538 891 2605 forma
910 2528 1070 2605 ‘Albinus'
1088 2537 1132 2604 ad
1152 2539 1321 2622 septimum
1342 2539 1432 2607 urbis

283 2641 445 2705 saeculum
466 2640 648 2722 permansit.
655 2640 677 2717 ¹)

369 2739 488 2806 Omnes
509 2741 652 2822 reliquae
674 2747 786 2822 gentes
809 2760 930 2824 eaeque
948 2741 1133 2808 notissimae
1154 2762 1193 2809 ac
1212 2742 1432 2812 ualidissimae
1532 2788 1533 2791 =

285 2839 513 2923 Corneliorum,
529 2840 739 2925 Valeriorum,
762 2841 944 2926 Fabiorum,
968 2842 1174 2911 Claudiorum
1190 2844 1249 2929 al,
1272 2846 1339 2929 illa,
1362 2846 1431 2928 qui·

284 2942 343 3008 bus
372 2942 541 3008 utebantur
570 2942 675 3025 prima
702 2944 824 3011 liberae
857 2945 1055 3030 reipublicae
1083 2951 1206 3030 aetate,
1241 2949 1432 3032 cognomina
1531 3030 1532 3041 χ

284 3064 355 3110 cum
378 3044 451 3110 aliis
474 3050 746 3111 commutauerunt
768 3052 800 3113 et
820 3047 917 3130 plane
932 3046 1061 3114 diuersa
1075 3053 1190 3132 gerunt
1207 3052 1336 3117 saeculo
1358 3070 1431 3135 sep·

284 3146 361 3212 timo
384 3152 417 3211 et
438 3146 653 3229 sequentibus.

369 3249 506 3330 Augusti
535 3248 663 3314 demum
691 3255 811 3331 aetate,
841 3269 913 3316 cum
941 3250 1026 3318 laete
1054 3252 1174 3319 Rornae
1197 3251 1432 3321 efflorescerent

284 3349 391 3417 studia
418 3351 642 3435 genealogica,
673 3350 777 3417 denuo
805 3351 839 3417 in
866 3352 1014 3436 gentibus
1042 3354 1089 3420 eis
1115 3374 1174 3421 usu
1195 3356 1433 3439 recipiebantur

284 3453 391 3536 prisca
413 3452 469 3517 illa
484 3453 675 3536 cognomina
688 3458 784 3536 atque
799 3459 855 3519 aut
869 3456 1091 3538 cognominum
1113 3464 1168 3523 aut
1189 3459 1433 3543 praenominum
1456 3506 1463 3525 .

284 3554 356 3619 uice
378 3552 649 3632 adhibebantur.²)

372 3691 396 3750 1)
413 3685 512 3751 Vams,
533 3701 679 3755 cognomen
693 3687 889 3754 Quintiliorum,
907 3688 979 3757 quod
994 3692 1035 3744 est
1052 3690 1080 3743 in
1096 3689 1174 3745 fords
1187 3692 1266 3747 aunis
1279 3696 1326 3747 301
1341 3697 1369 3748 et
1380 3696 1432 3751 331
1529 3700 1530 3703 ’

286 3764 377 3819 eodem
396 3765 510 3821 fortasse
527 3767 615 3832 modo,
634 3783 686 3837 quo
702 3761 829 3823 ‘Siculus'
848 3768 1017 3837 (libellorum,
1035 3771 1185 3838 posteriore
1203 3777 1292 3828 aetate
1309 3773 1434 3830 additum

285 3849 340 3911 est3
358 3860 420 3898 nam
437 3846 466 3900 in
483 3847 625 3902 Macriano
642 3847 747 3917 quidem
765 3850 921 3905 recensione
938 3865 1009 3905 anno
1028 3855 1075 3905 301
1095 3867 1149 3905 non
1166 3852 1272 3922 legitur.

371 3931 395 3994 2)
414 3929 482 3984 Sunt
504 3962 537 3971 -
559 3931 673 4002 exempli
691 3948 774 3988 causa
797 3935 948 3990 —Cossus
971 3941 997 3988 et
1019 3935 1212 4005 Maluginensis
1235 3938 1434 4006 Corneliorum,
1528 3948 1529 3973 ¹

285 4010 441 4065 Camerinus
459 4016 486 4065 et
503 4011 612 4067 Peticus
630 4013 821 4082 Sulpiciorum,
839 4014 944 4070 Potitus
962 4016 1081 4072 Volusus
1101 4016 1232 4073 Coruinus
1251 4018 1431 4087 Valeriorum,

287 4089 413 4147 Camillus
431 4090 582 4158 Furicrum,
600 4092 741 4150 Atratinus
759 4094 987 4164 Semproniorum.
