3108 4902
442 307 484 361 De
501 307 580 362 fastis
598 305 786 360 consularibus
805 305 1006 374 antiquissimis.
1239 308 1299 366 193

235 481 286 545 Ex
301 479 416 545 Graeci
438 479 573 562 genitiui
594 479 628 542 in
652 501 689 542 oc
713 479 859 543 exeuntis
881 480 984 544 forma
999 480 1083 560 falsi,
1107 500 1187 563 quos
1209 481 1300 547 exhi·

146 584 205 648 bet
227 581 366 664 Idalios,
395 601 488 648 casus
510 581 644 645 ablatiui
666 586 740 646 sunt
762 579 966 663 explicandi,
995 588 1029 646 ut
1047 573 1211 666 ‘Gurgite'
1238 585 1300 646 478

147 704 208 768 pro
231 683 364 765 Gurgite
387 702 429 748 ex
445 685 641 765 Foopytcoo3
668 673 835 747 ‘Laenate'
854 702 912 764 pro
935 682 1058 748 Lanato
1082 704 1124 749 ex
1137 682 1301 748 Λανάτου

148 789 212 849 277
229 791 261 851 et
277 787 357 866 302;
377 775 522 849 ‘Albino’
541 804 599 868 pro
611 783 734 848 Aruina
757 803 798 848 ex
819 774 971 865 Ἀρβίνου
987 788 1049 849 463
1066 792 1098 850 66
1111 789 1190 870 466;
1211 781 1301 852 ‘Bar-

147 877 239 953 bulo'
257 906 315 970 pro
344 885 486 951 Barbula
515 906 555 950 ex
583 882 778 969 Βαρβούλου
808 887 886 968 437;
912 877 1032 969 ‘Rogo'
1050 907 1110 969 pro
1140 889 1232 971 Ruga
1260 908 1303 954 ex

144 982 256 1070 ‘Po'yoc
273 991 351 1070 5203
365 976 518 1053 ‘Noetuo’
536 1007 594 1070 pro
605 987 733 1053 Noctua
748 1006 789 1052 ex
804 984 976 1050 Νοκτούου
989 991 1067 1071 465;
1083 994 1151 1053 tum
1162 980 1298 1055 ‘Poena’

148 1110 209 1173 pro
224 1090 333 1156 Poeno
351 1108 392 1153 ex
407 1092 535 1152 Holoov
555 1091 633 1172 3233
653 1081 784 1155 ‘Carba'
802 1110 860 1173 pro
873 1083 992 1156 ‘Carbo
1005 1087 1081 1167 (ne)'
1100 1087 1302 1173 6611610600,

149 1189 237 1273 quod
262 1192 379 1273 legitur
403 1191 548 1257 16166616
571 1190 704 1257 Graecis
726 1192 801 1255 anni
824 1191 897 1254 634.
940 1191 1064 1256 Eadem
1086 1193 1210 1258 ratione
1231 1211 1303 1276 per-

147 1310 242 1358 uerse
272 1292 486 1358 conformatus
515 1293 674 1358 ablaticus
701 1283 817 1374 ‘Bega'
849 1312 908 1376 pro
936 1293 1026 1376 Rege
1055 1296 1116 1358 636
1151 1293 1303 1359 oriundus

150 1400 200 1460 est
232 1413 273 1458 ex
302 1392 442 1476 Graeco,
476 1412 571 1475 quem
602 1393 757 1460 habemus
788 1395 864 1459 anni
894 1396 972 1477 636,
1005 1396 1148 1478 genitiuo
1175 1388 1302 1479 Ῥήγου.

148 1494 264 1576 Neque
286 1494 352 1559 alia
375 1500 424 1560 666
445 1514 543 1560 eausa
564 1495 778 1559 ablatiuorum
798 1486 942 1560 ‘Selene'
963 1500 1024 1559 415
1046 1517 1105 1579 pro
1125 1487 1302 1581 ‘Philone',

145 1585 328 1661 ‘Melitene'
356 1598 417 1659 323
446 1615 508 1678 pro
535 1586 711 1661 ‘Mentone'
743 1597 805 1660 nisi
838 1596 955 1663 Graeci
984 1599 1119 1680 genitiui
1147 1599 1303 1676 Σίλωνος,

150 1695 359 1770 Melitonos.

237 1813 303 1879 Sed
325 1820 453 1898 praeter
480 1815 537 1879 illa
560 1814 787 1880 exscribendi
817 1815 940 1880 ratione
970 1815 1068 1882 ducta
1089 1817 1155 1882 alia
1177 1837 1305 1900 quoque

152 1935 256 1997 eaque
278 1917 471 1999 grauissima
489 1922 563 1982 sunt
584 1921 782 1999 argumenta,
808 1916 923 1997 quibus
945 1916 988 1981 ad
1004 1916 1164 1983 Graecum
1185 1919 1306 1983 fontem

28 2008 31 2013 ⁴
151 2024 184 2084 66
205 2018 345 2082 Idalium
368 2024 400 2082 66
422 2018 521 2084 166606
545 2017 686 2083 Graecos
708 2016 895 2083 referendos
918 2036 989 2084 esse
1011 2025 1155 2101 apparet.

236 2139 284 2203 Ac
306 2137 445 2221 primum
467 2136 547 2202 mihi
570 2156 697 2219 quoque
720 2137 854 2202 maximi
877 2133 1004 2202 uidetur
1025 2140 1187 2223 momenti,
1219 2139 1306 2222 quod

150 2238 315 2304 Broecker
338 2240 370 2316 (l.
386 2239 408 2302 1.
424 2259 456 2321 p.
473 2241 549 2313 265)
575 2239 697 2322 profert
726 2258 905 2321 cognomen
931 2231 1111 2324 ‘Sapiente'
1129 2242 1172 2306 ab
1201 2241 1306 2306 Idatio

150 2342 305 2423 seriptum
328 2340 387 2419 sub
410 2359 494 2404 auno
510 2341 582 2403 486.
616 2341 701 2404 Nam
723 2343 794 2424 ipse
817 2341 976 2407 Graecum
992 2340 1096 2426 Sophi
1119 2363 1306 2426 cognomen,

150 2441 240 2525 quod
268 2439 356 2523 apud
385 2440 526 2521 reliquos
554 2446 700 2505 auctores
730 2447 762 2505 66
790 2445 852 2503 456
882 2448 914 2505 66
936 2444 997 2505 486
1029 2442 1163 2525 legitur,
1191 2445 1306 2509 Latino

151 2543 311 2609 uocabulo
333 2541 420 2606 idem
434 2539 635 2624 significante
650 2540 811 2605 redditum
827 2560 898 2606 6666
914 2548 992 2624 puto
1015 2543 1057 2606 ab
1080 2542 1210 2608 homine
1225 2544 1307 2629 rudi,

152 2646 208 2728 qui
237 2649 321 2709 totos
350 2644 450 2708 fastos
479 2641 645 2708 Idatianos
675 2662 717 2707 ex
746 2642 872 2708 Graeco
907 2642 940 2706 in
965 2643 1115 2708 Latinum
1148 2647 1309 2711 transtulit

151 2765 340 2813 sermonem.

148 2933 151 2938 ,
237 2863 399 2945 Alterum,
430 2881 493 2944 quo
521 2863 622 2946 nitar,
652 2864 836 2945 exemplum
865 2862 993 2944 profero
1022 2882 1139 2929 nomen
1161 2864 1196 2930 L.
1220 2865 1309 2930 Furii

153 2965 371 3050 Purpureonis
386 2963 525 3030 consulis
548 2963 624 3027 anni
640 2966 713 3046 558,
737 2963 823 3045 quod
838 2963 946 3027 Latini
967 2964 1042 3029 fasti
1065 2967 1207 3031 scribunt
1219 2960 1310 3034 ‘Por-

152 3057 299 3149 phyrio',
329 3065 446 3130 Graeci
474 3068 683 3149 Πορφυρίου.
729 3063 824 3141 Quod
854 3084 926 3130 oum
956 3066 997 3129 sit
1025 3067 1132 3148 ipsum
1159 3068 1310 3132 Latinum

153 3187 331 3250 cognomen
363 3167 488 3233 Graece
519 3186 665 3249 uersum,
703 3165 791 3231 haud
824 3166 890 3229 iarn
923 3166 1055 3231 dubium
1088 3173 1195 3251 potest
1228 3187 1309 3251 esse,

153 3271 231 3353 quin
259 3275 393 3350 uterque
419 3269 592 3335 laterculus
622 3287 664 3333 ex
693 3268 852 3333 communi
879 3267 1004 3333 Graeco
1033 3269 1120 3335 fonte
1149 3269 1231 3334 illud
1260 3291 1309 3337 as-

153 3371 336 3452 sumpserit.

239 3487 388 3568 Denique
410 3489 485 3553 anni
509 3489 570 3551 498
598 3487 729 3554 alterius
753 3488 893 3554 consulis
915 3506 1032 3553 nomen
1055 3508 1094 3554 ea
1115 3489 1238 3554 ratione
1262 3497 1311 3556 666

154 3595 354 3674 corruptum,
387 3596 422 3654 66
453 3590 516 3656 6161
546 3589 671 3656 Graeco
704 3596 822 3656 statuto
857 3590 945 3655 fonte
973 3596 1114 3672 nequeat
1143 3591 1309 3673 explicari.

153 3686 258 3757 Huius
282 3691 366 3756 enim
388 3692 462 3756 6661
486 3692 633 3758 00666166
648 3691 685 3756 L.
698 3691 853 3757 Manlium
869 3691 1044 3757 Vulsonem
1067 3690 1104 3768 Q.
1122 3691 1310 3758 Caedicium

155 3793 219 3868 (061
245 3791 376 3857 666110
405 3798 536 3871 auctore
565 3791 694 3856 additur
724 3793 912 3875 cognomen)
948 3791 1071 3859 Idatius
1099 3800 1195 3860 uocat
1220 3788 1309 3861 ‘Vul-

155 3912 234 3959 sone
261 3900 294 3960 66
315 3884 446 3975 Deeio'‚
479 3893 661 3959 chronicon
690 3893 849 3959 Paschale
871 3891 1070 3970 Βούλσωνος
1098 3896 1155 3960 καὶ
1176 3899 1310 3961 Δεκίου.

158 3993 265 4077 Atque
288 3995 372 4062 hane
394 3996 595 4080 corruptelae
618 3995 692 4062 dico
715 4014 786 4062 esse
809 3995 980 4078 originem:
