3108 4902
412 360 454 416 De
469 360 549 415 fastis
567 358 755 416 consularibus
771 358 972 429 antiquissimis.
1200 356 1261 419 229

121 543 154 603 et
174 534 302 619 saepius
324 532 450 616 abhinc,
480 552 552 598 curn
579 537 654 598 ante
674 551 791 597 annum
814 534 875 597 450
898 552 939 598 ne
960 534 1015 598 uni
1038 532 1167 617 quidem
1190 553 1263 599 con·

120 638 183 706 suli
203 637 296 721 plura
316 633 491 702 exhibeant
501 637 533 709 ¹).

206 738 312 820 Atque
333 737 405 821 illa,
433 754 517 819 quae
546 735 692 802 nouimus
721 740 900 820 temporum
922 734 1145 802 historicorum
1166 758 1263 822 agno·

120 842 209 907 mina
230 873 271 883 -
291 845 420 925 praeter
441 838 596 922 adoptiua
617 843 650 903 et
670 857 691 902 a
712 838 805 904 uictis
827 838 957 923 populis
979 840 1081 922 petita
1095 873 1135 883 -
1158 840 1265 905 omnia

120 944 188 1010 fere
210 943 344 1027 singulis
366 940 548 1007 hominibus
570 957 612 1005 ex
634 940 775 1023 corporis
794 937 981 1006 habitudine
1003 938 1106 1005 indita
1127 946 1208 1021 sunt,
1230 947 1266 1007 ut

120 1045 265 1128 Magnus,
288 1044 428 1125 Longus,
449 1042 617 1125 Maximus,
633 1041 810 1125 Paullulus,
830 1041 958 1126 Caluus,
981 1041 1177 1108 Verrucosus
1193 1061 1221 1108 e.
1238 1063 1264 1109 o.

120 1166 225 1231 neque
247 1145 290 1212 ad
304 1143 388 1212 filios
404 1142 583 1210 hereditate
598 1149 820 1228 peruenerunt.
858 1144 960 1210 Plane
974 1149 1081 1210 autem
1096 1143 1180 1210 alius
1194 1149 1268 1210 sunt

120 1248 240 1316 indolis
256 1267 311 1330 ea,
342 1266 424 1329 quae
446 1246 737 1329 antiquissimorum
761 1247 926 1312 consulum
951 1246 1100 1329 leguntur
1121 1247 1155 1311 in
1175 1245 1267 1311 fastis

118 1349 312 1434 Capitolinis
345 1350 507 1431 geminata
539 1348 747 1431 cognomina,
783 1347 918 1414 duarum
951 1348 1036 1412 enim
1068 1347 1267 1414 diuersarum

119 1451 267 1518 eiusdem
287 1452 391 1535 gentis
412 1450 606 1515 familiarum
626 1450 815 1533 cognomina
836 1450 1077 1533 coniunguntur,
1100 1455 1136 1516 ut
1167 1449 1267 1515 Vulso

118 1560 153 1620 et
176 1552 376 1636 Capitolinus
397 1552 604 1634 Manliorum,
632 1556 801 1633 utrumque
829 1550 959 1618 ductum
985 1572 1006 1618 a
1026 1553 1098 1618 loco
1120 1554 1269 1629 (alterum

120 1656 247 1722 scilicet
267 1655 309 1720 ab
331 1654 410 1719 urbe
427 1653 597 1736 Volsiniis,
626 1652 665 1719 cf.
688 1658 749 1719 aot.
769 1652 919 1738 triumph.
942 1655 1018 1720 anni
1041 1657 1103 1718 460
1123 1648 1178 1721 ‘de
1193 1654 1268 1721 Vol-

119 1756 253 1823 sonibus
270 1760 302 1822 et
317 1744 553 1837 Samnitibus'),
576 1755 691 1837 quibus
713 1753 797 1820 duce
819 1755 935 1839 stirpes
956 1755 1041 1823 inter
1062 1777 1097 1823 se
1120 1756 1269 1823 uidentur

119 1858 293 1924 distinctae
319 1858 428 1923 fnisse.
471 1856 646 1923 Praeterea
671 1876 755 1922 anno
787 1858 848 1921 387
870 1857 944 1923 fasti
968 1856 1141 1941 Capitolini
1170 1859 1269 1925 dicta·

118 1967 225 2027 torem
253 1959 365 2026 dicunt
393 1959 441 2038 (Τ.
465 1957 649 2036 Quinotium
672 1958 907 2037 Oincinlnatum
937 1958 1169 2043 Capitolinum,
1198 1980 1270 2027 oum

118 2064 186 2147 ipsi
208 2068 304 2128 antea
317 2066 405 2127 reete
420 2060 501 2127 duas
516 2060 721 2128 distinxerint
740 2060 888 2144 familias,
904 2061 1038 2127 alteram
1052 2060 1271 2139 Quinctiorum

118 2164 381 2232 Cincinnatorum
404 2163 609 2240 (Fennorum)
630 2163 763 2229 alteram
787 2163 1048 2248 Capitolinorum.

208 2265 288 2331 Oum
310 2266 408 2347 igitur
428 2265 591 2347 geminata
612 2266 802 2348 cognomina
831 2285 895 2332 non
917 2265 1088 2332 uideantur
1110 2267 1270 2334 exstitisse

118 2365 211 2451 apud
225 2366 421 2448 antiquiores
435 2385 541 2431 rerum
556 2366 771 2432 Romanarum
789 2374 945 2450 auctores,
968 2367 1033 2432 iam
1049 2369 1159 2433 existit
1174 2358 1270 2452 quae·

118 2470 195 2552 stio,
218 2467 378 2533 undenam
400 2487 439 2533 ea
460 2467 643 2551 acceperint
664 2468 738 2534 fasti
754 2467 938 2552 Capitolini.
992 2468 1128 2535 Omnino
1150 2491 1215 2536 non
1229 2470 1272 2536 ad

118 2591 220 2637 unam
248 2570 323 2637 illos
350 2569 457 2637 redire
484 2569 703 2636 recensionem
729 2569 883 2636 fastorum
904 2568 981 2636 inde
1004 2570 1156 2653 efficitur,
1186 2571 1274 2654 quod

119 2674 321 2755 coniungunt
341 2673 541 2755 cognomine,
568 2691 652 2754 quae
674 2670 758 2738 duae
780 2671 928 2738 diuersae
950 2674 1152 2740 recensiones
1175 2673 1272 2740 habe·

118 2779 203 2845 bant
229 2774 449 2858 Claudiorum,
478 2775 602 2841 scilicet
628 2772 741 2840 Sabini
769 2779 869 2857 atque
895 2775 1104 2859 Regillensis:
1136 2777 1176 2843 cf.
1198 2797 1271 2843 ann.

118 2882 186 2945 303
208 2883 241 2944 et
261 2879 334 2942 304.

208 2980 323 3063 Neque
344 2979 447 3062 petita
462 2996 534 3044 esse
555 2985 697 3062 possunt,
721 2998 804 3062 quae
826 2977 980 3044 exhibent
1001 2979 1076 3045 fasti
1098 2979 1273 3063 Capitolini

118 3081 416 3164 antiquissimorum
442 3080 685 3162 magistratuum
713 3081 920 3164 cognomina,
949 3098 991 3145 ex
1018 3080 1075 3146 illo
1096 3080 1201 3164 fonte,
1229 3081 1274 3147 ad

119 3202 220 3269 quern
242 3184 361 3249 referre
383 3181 488 3250 solent
508 3181 601 3246 multi
622 3182 684 3246 uiri
707 3181 794 3248 docti
817 3182 925 3247 omnia
946 3200 995 3263 ea,
1018 3200 1152 3265 quorum
1173 3184 1274 3249 alium

119 3287 246 3353 fontem
267 3285 425 3367 ignorent,
447 3304 489 3350 ex
504 3282 689 3350 domesticis
711 3283 853 3366 gentium
869 3284 1103 3350 commentariis
1125 3290 1158 3351 et
1180 3291 1273 3351 stem-

118 3385 265 3454 matibus
286 3385 513 3469 genealogicis.
550 3385 693 3450 Primum
709 3385 794 3451 enim
809 3385 967 3468 plurimae
989 3404 1098 3451 earum
1120 3387 1273 3471 gentium,

120 3506 261 3574 quarum
275 3487 412 3569 gentiles
426 3494 585 3571 apparent
605 3488 640 3553 in
660 3488 753 3554 fastis
768 3488 855 3554 tertii
871 3493 903 3554 et
917 3489 1023 3571 quarti
1036 3488 1125 3554 urbis
1141 3490 1273 3572 saeculi,

213 3691 238 3753 1)
256 3685 339 3741 llisce
356 3700 462 3754 quoque
479 3686 672 3742 confirmantur
689 3703 730 3753 es,
749 3702 818 3756 qnae
830 3688 863 3743 de
874 3686 954 3743 fastis
965 3686 1045 3756 posui
1056 3686 1200 3741 Idatianis:
1218 3703 1275 3743 non

119 3772 238 3829 fluxisse
254 3785 301 3826 eos
318 3801 351 3810 —
368 3775 400 3825 ut
416 3771 544 3826 uidentur
560 3771 727 3827 Mommseno
745 3804 779 3812 -
796 3788 830 3827 ex
846 3772 936 3827 indice
953 3771 1103 3839 consulum,
1120 3772 1202 3842 plura
1219 3774 1275 3829 sin·

119 3857 249 3927 gulornm
266 3856 424 3924 cognomina
440 3856 600 3925 exhibente3
617 3858 793 3925 nequeenim
810 3872 876 3912 casn
892 3858 1057 3923 factumest,
1074 3860 1106 3912 ut
1117 3857 1274 3914 rudissimus

119 3942 181 4006 ille,
197 3942 244 4010 qui
260 3940 396 4010 excerpsit
407 3954 573 3994 communem
584 3940 665 3995 Idatii
674 3940 852 4010 Chronicique
861 3940 1002 3998 Pasehnlis
1013 3942 1115 3997 fontem
1126 3943 1274 4009 exldacro,

120 4026 233 4094 mmsis
249 4026 355 4097 quidem
372 4025 503 4081 κήδειοι
519 4026 687 4096 cognomina,
703 4026 751 4081 nbi
763 4032 891 4096 suspecta
905 4033 995 4084 essem
1006 4028 1149 4096 geminata,
1165 4043 1199 4082 ac
1215 4033 1275 4083 tom

122 4111 234 4167 demum
250 4111 384 4182 inciperet
400 4126 433 4167 ea
450 4110 558 4180 reieme,
575 4127 637 4168 enm
654 4125 750 4168 reuera
766 4112 795 4168 in
811 4127 864 4169 usn
880 4112 967 4187 imese
982 4118 1073 4169 essent
1088 4111 1240 4169 iudicanda
