3108 4902
419 341 461 398 oe
477 341 557 397 rasus
576 340 764 396 consularibus
782 322 982 405 artmano.
1210 340 1271 399 249

130 517 251 583 sionem
274 513 486 599 Capitolinam
514 511 671 596 possimus
701 510 878 594 affirmare,
907 510 1029 577 scilicet
1056 515 1129 596 post
1156 531 1273 578 annum

128 622 196 684 tere
219 621 326 684 70011.
342 637 367 683 c.
390 623 422 683 et
444 620 518 681 ante
541 619 657 680 arinum
679 617 740 677 724
747 663 756 697 ,
786 633 847 696 quo
876 612 941 678 iam
963 611 1061 679 fuisse
1081 613 1272 698 insculptum

128 717 224 803 illud,
253 718 341 786 cuius
371 722 498 784 exstant
525 717 719 800 fragmenta,
748 715 913 800 exemplar
940 715 1116 781 Mommsen
1143 715 1273 783 demon·

127 822 248 888 strauit

213 924 318 1006 Atque
339 920 490 985 historica
512 926 545 986 et
566 917 789 1000 chronologica
809 917 896 984 illius
918 916 1033 984 aetatis
1047 917 1272 1002 perlustrantes

129 1027 289 1111 opuscula,
312 1043 408 1089 uuum
422 1022 610 1106 inuenimus,
626 1020 712 1103 quod
726 1022 768 1087 ab
784 1019 965 1087 auctoribus
979 1019 1141 1086 ueteribus
1156 1017 1271 1087 descri-

127 1129 212 1195 bitur
233 1125 430 1194 simillimum
452 1126 604 1191 fastorum
627 1123 892 1207 capitolinorum:
917 1121 1017 1207 ipsius
1038 1122 1135 1188 Attici
1157 1123 1272 1189 librum

126 1231 283 1297 annalem.
321 1226 518 1308 Itaqueiam
540 1224 670 1309 Pighius
697 1223 825 1308 (Annal.
849 1230 923 1291 tom.
946 1225 962 1288 Ι
982 1243 1054 1308 pag.
1074 1227 1112 1289 13
1126 1223 1209 1306 squ.)
1231 1259 1273 1270 -

124 1339 161 1399 ut
176 1328 336 1414 comperio
358 1347 399 1393 ex
414 1327 618 1394 Hullemanni
632 1326 779 1392 Diatribe
800 1327 833 1391 in
854 1327 892 1391 Τ.
908 1326 1117 1410 Pomponium
1133 1326 1272 1395 Atticum

124 1433 211 1500 Trai.
231 1434 311 1505 1838
333 1451 363 1515 p.
384 1433 442 1496 189
465 1466 506 1476 -
530 1434 563 1496 et
583 1427 714 1495 Vossius
736 1427 799 1511 (De
821 1427 894 1495 hist.
910 1428 965 1494 lat.
988 1449 1017 1514 p.
1035 1428 1089 1510 50)
1113 1448 1154 1494 ex
1174 1428 1273 1496 Attici

124 1534 236 1602 annali
256 1532 385 1598 duxisse
408 1536 598 1598 censuerunt
619 1529 719 1597 fastos
734 1530 939 1614 Capitolinos.
972 1530 1082 1615 Nuper
1096 1530 1183 1597 idem
1201 1549 1270 1597 sen-

123 1637 168 1702 sit
181 1670 229 1700 -.
238 1634 343 1716 Pighii
358 1640 390 1700 et
404 1632 511 1700 Vossii
530 1630 687 1715 opinionis
700 1632 830 1713 ignarus
845 1666 886 1676 —
900 1632 1019 1699 Matrat
1034 1630 1139 1715 (Rem.
1158 1631 1270 1700 Cbrcn.

122 1738 141 1802 I
162 1759 192 1821 p.
210 1740 270 1801 353
293 1736 366 1802 adn.
382 1735 425 1819 2),
449 1734 503 1816 qui
524 1754 621 1799 unum
644 1753 761 1815 eorum,
791 1752 870 1816 quos
891 1733 955 1815 illi,
984 1739 1146 1818 comparat
1167 1735 1272 1802 locum

124 1838 265 1906 Cornelii
288 1838 431 1922 Nepotis.
475 1838 544 1918 Ego
573 1855 699 1918 quoque
726 1835 791 1901 iam
820 1833 959 1919 pridem,
987 1837 1171 1921 priusquam
1199 1857 1272 1904 cam

123 1940 211 2026 apud
231 1941 305 2007 illos
327 1940 412 2006 uiros
435 1938 545 2006 doctos
559 1937 709 2022 legissem
723 1938 922 2020 sententiam,
945 1938 979 2004 in
1001 1937 1135 2005 eandem
1149 1938 1271 2004 coniec-

121 2051 226 2110 turam
248 2042 421 2110 incideram
444 2048 541 2126 atque
564 2040 747 2124 diligentius
769 2039 939 2122 disquisita
952 2060 988 2107 re
1002 2060 1065 2107 non
1079 2040 1182 2106 solum
1205 2061 1270 2107 om-

120 2145 177 2212 nia
199 2166 253 2227 ea,
282 2162 364 2228 quae
392 2145 520 2230 propria
541 2143 640 2210 indici
662 2143 841 2227 Capitolino
871 2141 1070 2226 enumeraui,
1099 2140 1215 2209 cadere
1236 2143 1270 2208 in

119 2246 271 2313 annalem
293 2246 489 2330 uidebimus,
519 2243 577 2311 sed
599 2246 696 2310 ctiam
718 2245 861 2311 consulto
887 2244 961 2311 ficta
983 2244 1158 2327 quaedam,
1187 2265 1270 2327 quae

120 2353 251 2415 exstant
271 2348 305 2412 in
326 2347 417 2412 tastis
439 2346 636 2429 Capitolinis,
659 2345 702 2410 ad
723 2345 822 2411 Attici
843 2346 947 2412 redire
969 2347 1199 2414 auctoritatem.

208 2448 319 2515 Prodit
347 2453 452 2514 autem
482 2445 522 2513 de
550 2445 658 2512 annali
685 2446 742 2512 illo
770 2446 879 2530 Nepos
900 2445 979 2530 (Att.
1003 2467 1072 2532 cap.
1092 2447 1144 2530 18)
1173 2449 1269 2516 haec:

115 2547 286 2635 ultrices)
307 2550 404 2617 moris
427 2549 525 2617 etiam
546 2548 701 2614 maiorum
724 2567 864 2613 summus
892 2547 1032 2615 imitator
1053 2549 1113 2615 fuit
1134 2550 1269 2632 antiqui-

122 2655 264 2736 tatisque
278 2661 412 2735 amator,
435 2670 530 2733 quam
546 2649 628 2718 adeo
650 2649 819 2735 diligenter
833 2649 945 2716 habuit
958 2650 1126 2735 cognitam,
1148 2658 1183 2717 ut
1198 2672 1270 2719 eam

116 2761 222 2821 totam
249 2756 283 2821 in
311 2775 350 2821 eo
378 2754 540 2821 uolumine
562 2753 758 2838 exposuerit,
789 2771 852 2834 quo
874 2751 1078 2835 magistratus
1100 2752 1268 2821 ordinauit.

115 2857 219 2924 Nulla
241 2858 324 2922 enim
346 2857 400 2922 lex
420 2857 510 2923 nulla
530 2876 595 2941 pax
617 2875 720 2938 neque
742 2856 862 2922 bellum
879 2875 983 2937 neque
997 2875 1049 2923 res
1063 2854 1197 2923 illustris
1218 2864 1268 2923 est

116 2960 233 3045 populi
254 2959 404 3041 Romani,
433 2976 516 3040 quae
544 2977 608 3023 non
635 2958 668 3022 in
697 2978 735 3024 co
764 2977 821 3024 suo
849 2963 991 3041 tempore
1018 2957 1061 3022 sit
1081 2965 1206 3042 notata3
1237 2964 1268 3026 et

117 3060 209 3144 qaod
230 3059 450 3128 difficillimum
472 3060 546 3142 fuit,
577 3059 623 3125 sic
644 3057 836 3125 familiarum
859 3059 1012 3142 originem
1033 3059 1211 3143 subtexuit,
1233 3067 1268 3127 ut

116 3184 162 3231 ex
178 3182 216 3228 eo
231 3164 387 3229 clarorum
400 3161 538 3227 uirorum
550 3160 743 3245 propagines
757 3159 914 3242 possimus
925 3153 1142 3243 cognoscere’.
1171 3162 1267 3227 Prae·

116 3273 210 3332 terea
237 3263 418 3331 conferendi
447 3267 521 3330 sunt
546 3263 608 3329 loci
631 3261 808 3344 Ciceronis,
831 3261 918 3327 Brut.
934 3265 963 3343 3,
982 3267 1035 3326 14:
1055 3255 1179 3345 ‘(libro)
1204 3281 1266 3344 quo

113 3369 181 3434 iste
204 3366 261 3447 (sc.
279 3364 418 3449 Atticus)
441 3384 567 3432 omnem
588 3384 694 3431 rerum
709 3363 894 3430 memoriam
908 3363 1048 3430 breuiter
1069 3373 1110 3447 et,
1132 3370 1169 3430 ut
1189 3364 1267 3430 mihi

118 3465 253 3554 quidem
274 3467 377 3533 uisum
400 3471 456 3550 est,
478 3465 707 3551 perdiligenter
728 3466 914 3550 complexus
936 3456 1015 3547 est.',
1036 3464 1155 3533 ibidem
1179 3470 1265 3548 3,15

112 3566 205 3636 ‘eam
226 3567 395 3634 utilitatem
418 3618 475 3635 ...
497 3575 533 3633 ut
561 3568 729 3653 explicatis
757 3567 919 3635 ordinibus
948 3574 1127 3650 temporum
1150 3586 1211 3633 uno
1233 3567 1266 3634 in

114 3675 293 3755 conspectu
314 3669 420 3736 omnia
441 3662 617 3753 uiderem'3
640 3669 778 3751 denique
800 3675 878 3735 orat.
902 3672 955 3750 34,
979 3671 1053 3732 120:
1083 3662 1267 3751 ‘cognoseat

113 3775 216 3839 etiam
238 3791 342 3838 rerum
364 3777 527 3852 gestarum
549 3776 579 3838 et
601 3770 773 3837 memoriae
799 3770 915 3836 ueteris
938 3768 1098 3852 ordinem,
1127 3772 1266 3840 maxime

112 3875 241 3943 scilicet
268 3876 395 3939 nostrae
423 3872 577 3955 ciuitatis,
607 3870 783 3938 sedetiam
809 3871 1048 3953 imperiosorum
1076 3874 1266 3957 populorum

114 3983 153 4045 et
174 3996 284 4059 regum
301 3972 481 4041 illustrium.
518 3974 618 4052 Quem
632 3973 776 4040 laborem
798 3973 890 4039 nobis
907 3974 1004 4039 Attici
1025 3973 1124 4053 nostri
1146 3975 1266 4043 leuauit

111 4078 220 4161 labor,
244 4077 299 4160 qui
321 4075 516 4144 conseruatis
537 4076 716 4159 notatisque
738 4075 944 4160 temporibus,
959 4075 1038 4142 nihil
1054 4095 1126 4143 eum
1141 4076 1265 4142 illustre
