3108 4902
278 358 340 418 224
697 353 838 409 Comedus
856 352 998 409 dichorius

315 559 318 565 ¹
362 529 445 596 Nam
468 528 554 612 quod
569 527 625 612 Sp.
641 527 815 610 Tarpeium
836 528 997 594 consulem
1011 527 1086 594 anni
1102 529 1163 591 300
1176 520 1405 610 ‘Capitolinum

277 639 394 701 uocant
415 631 547 714 Idatius,
574 629 755 697 Chronicon
783 628 950 712 Paschale,
979 627 1261 713 chronographus,
1279 623 1423 713 ‘Capito-

277 737 377 802 linum
408 722 605 799 Montanum'
623 751 783 798 marmora
815 730 1011 815 Capitolina,
1044 737 1213 813 utrumque
1245 751 1424 814 cognomen

277 838 384 904 fictum
412 855 485 903 esse
505 839 594 919 patet
616 853 657 900 ex
678 833 807 899 nomine
829 833 940 917 gentili
962 833 1118 916 Tarpeio,
1140 853 1215 898 nam
1238 833 1334 898 situm
1357 840 1425 900 erat

278 959 391 1007 saxum
413 937 630 1021 Tarpeium
651 936 684 1001 in
707 935 949 1018 Capitolino
971 940 1118 1000 monte,
1140 969 1181 979 -
1197 935 1234 999 Τ.
1250 935 1425 1001 Romilium

279 1041 441 1108 consulem
463 1042 541 1122 299,
570 1038 786 1104 decemuirum
810 1040 887 1120 303,
918 1037 1108 1103 Vaticanum
1131 1036 1241 1102 dicunt
1261 1036 1424 1105 Diodorus

277 1164 317 1209 ac
330 1143 405 1209 fasti
420 1141 603 1225 Capitolini,
620 1159 659 1206 es
674 1140 788 1223 opinor
803 1138 845 1204 de
860 1139 1054 1222 causaque
1068 1139 1169 1205 tribus
1183 1138 1324 1204 Romilia
1338 1144 1425 1206 trans

278 1246 422 1312 Tiberim
437 1243 564 1309 uidetur
579 1243 641 1308 sita
661 1242 760 1308 fuisse
783 1242 816 1305 in
830 1261 909 1323 agro
924 1240 1097 1306 Vaticano:
1120 1239 1159 1306 cf.
1174 1240 1265 1306 Varr.
1282 1240 1331 1306 De
1346 1242 1425 1324 ling.

278 1349 333 1413 lat.
357 1351 393 1429 5,
416 1350 466 1410 55.
509 1345 592 1411 Tum
614 1362 790 1426 cognomen
811 1342 925 1425 Tusci,
948 1341 1034 1425 quod
1056 1340 1210 1408 exhibent
1232 1341 1267 1407 0.
1290 1343 1425 1425 Aquillii

277 1448 418 1515 consulis
439 1449 501 1511 261
524 1445 660 1527 idatius,
695 1442 874 1511 chronicon
897 1442 1068 1527 Paschale,
1092 1442 1359 1528 Obronographus
1381 1478 1425 1489 -

277 1571 299 1615 a
312 1549 508 1614 Mommseno
523 1565 651 1629 quoque
667 1543 913 1624 (11111111.
929 1545 962 1609 II
982 1566 1014 1630 p.
1031 1547 1105 1624 293)
1121 1544 1306 1611 damnatum
1321 1582 1360 1592 -
1383 1566 1424 1612 ea

277 1652 320 1717 de
349 1670 446 1717 causa
471 1650 520 1715 illi
547 1648 673 1715 uidetur
702 1667 771 1715 esse
798 1647 950 1730 inditum,
977 1647 1064 1730 quod
1090 1647 1267 1731 Aquilliam
1296 1654 1424 1732 gentem

279 1753 444 1820 Etruscam
467 1770 547 1834 esse,
569 1756 605 1816 ut
624 1770 693 1833 nos,
715 1748 863 1816 redactos
885 1768 1010 1832 quoque
1032 1748 1119 1815 haud
1141 1749 1318 1832 ignorabat.

364 1854 568 1920 Plebeiorum
590 1851 729 1935 denique
744 1852 995 1935 magistratuum,
1019 1852 1200 1934 quicunque
1222 1853 1425 1918 inueniuntur

198 2005 202 2014 .
279 1958 440 2043 inpriore
462 1956 614 2022 fastorum
642 1960 744 2038 parte,
772 1953 963 2038 cognomina
990 1972 1054 2019 non
1083 1953 1289 2033 sincerased
1311 1961 1425 2038 postea

278 2079 350 2126 esse
372 2057 493 2141 addita,
514 2076 621 2140 neque
641 2055 937 2149 plebeiosomnino
953 2074 1027 2121 usos
1049 2056 1147 2122 fuisse
1170 2058 1423 2142 cognominibus,

278 2181 350 2227 cum
371 2160 498 2243 patricii
520 2159 585 2224 iam
608 2178 647 2223 ea
661 2163 818 2241 gererent,
841 2158 980 2240 eleganti
996 2155 1193 2225 demonstrat
1207 2157 1424 2242 disputatione

278 2262 455 2329 Mommsen
477 2258 582 2338 (Rom.
599 2257 729 2322 Forscd.
743 2259 768 2342 I,
785 2262 825 2324 57
841 2262 928 2325 1159
944 2258 1018 2325 adn.
1034 2261 1097 2337 91).

363 2362 470 2446 Atque
492 2362 547 2445 qui
569 2361 611 2428 sit
631 2361 765 2444 factum,
786 2367 822 2454 ut
844 2360 977 2428 diuersa
994 2362 1077 2427 inter
1098 2380 1133 2427 se
1156 2362 1349 2445 cognomina
1369 2383 1423 2429 ex-

278 2464 448 2530 hibeantur
469 2461 643 2530 eorundem
671 2464 836 2530 consulum
864 2463 898 2528 in
924 2462 1062 2530 diuersis
1089 2463 1244 2529 fastorum
1265 2465 1424 2531 recensio·

277 2567 380 2650 nibus,
400 2565 583 2650 exemplum
599 2564 738 2631 ostendit
751 2566 856 2649 gentis
871 2565 1037 2631 Claudiae.
1072 2562 1175 2643 Quam
1190 2571 1317 2648 gentem
1333 2567 1424 2632 breui

277 2675 351 2753 post
377 2688 471 2752 reges
494 2673 625 2734 exactos
647 2668 783 2733 Romam
812 2667 967 2750 migrasse
996 2686 1037 2732 ex
1060 2665 1190 2733 Sabinis
1214 2668 1338 2750 priscae
1361 2673 1423 2734 tra-

277 2769 428 2836 diderunt
455 2769 599 2851 fabulae,
633 2787 766 2851 quarum
795 2767 882 2834 haud
912 2770 1042 2852 ignarus
1068 2769 1150 2835 alter
1177 2769 1325 2836 redactur
1347 2771 1424 2836 satis

278 2870 490 2955 probabiliter
512 2869 574 2940 sibi
595 2868 765 2935 uidebatur
793 2874 933 2936 statuere
961 2870 1254 2953 antiquissimorum
1276 2870 1422 2938 Claudio-

281 2991 352 3038 rum
375 2990 551 3055 cognomen
570 2961 724 3055 ‘Sebini',
747 2971 834 3055 quod
855 2972 973 3055 ubique
996 2971 1116 3038 habent
1137 2971 1270 3057 Idatius,
1292 2972 1423 3041 Chroni-

277 3094 341 3142 eon
361 3071 535 3157 Paschale,
556 3073 747 3156 Dionysius,
768 3075 814 3140 ita
828 3080 863 3139 ut
877 3074 967 3158 apud
985 3074 1128 3141 Macrum
1150 3074 1251 3142 tuisse
1271 3077 1423 3160 scriptum

277 3180 443 3262 appareat.
478 3175 670 3242 Adcuratius
690 3176 788 3242 etiam
809 3176 946 3261 patriam
968 3177 1072 3260 gentis
1087 3175 1243 3242 Claudiae
1265 3177 1332 3243 alia
1352 3197 1423 3263 pro·

277 3278 362 3345 didit
383 3278 547 3361 memorie,
569 3278 690 3361 quippe
712 3298 795 3362 quae
814 3277 981 3345 oriundam
997 3278 1119 3345 diceret
1141 3297 1182 3343 ex
1196 3279 1332 3362 Regillis
1346 3282 1424 3348 urbe

278 3382 333 3456 (11.
347 3380 445 3446 Diem
459 3383 489 3462 5,
505 3383 545 3442 40
569 3370 716 3464 ἆνήρτις
738 3376 847 3444 decori
868 3382 1020 3462 Eudieron
1042 3376 1172 3458 telove,
1202 3379 1304 3445 πόλιν
1327 3379 1424 3448 οἰκῶν

275 3477 470 3566 Ῥήγιλλον.
493 3530 531 3545 ..
559 3485 657 3556 Τίτος
678 3479 847 3557 Κλαύδιος
877 3488 910 3548 et
937 3482 1024 3548 Suet.
1047 3482 1118 3547 Tib.
1145 3475 1324 3566 l‘patricia
1345 3505 1425 3568 gens

279 3582 416 3650 Claudia
444 3589 513 3650 orte
541 3589 590 3649 est
611 3602 653 3649 ex
674 3583 803 3667 Regillo
824 3582 947 3668 oppido
968 3576 1197 3663 Sabinorum').
1242 3584 1346 3663 Quam
1375 3606 1428 3653 se—

279 3692 369 3753 cutus
391 3687 473 3753 altor
494 3685 641 3752 reductor
654 3685 816 3768 Regillani
836 3687 1040 3770 (Regillensis
1062 3686 1150 3771 apud
1172 3687 1329 3769 quosdam
1350 3709 1428 3758 auc·

278 3789 376 3866 tores)
391 3807 568 3871 cognomen
581 3787 837 3870 antiquissimum
851 3787 1058 3855 Claudiorum
1072 3789 1189 3872 posuit,
1213 3790 1301 3872 quod
1314 3810 1428 3858 eorum

279 3889 335 3972 qui
363 3887 470 3956 adbuc
504 3890 623 3956 seruati
656 3895 729 3955 sunt
762 3891 952 3975 scriptorum
983 3896 1176 3974 occeperunt
1203 3891 1365 3961 Diodorus
1394 3902 1430 3961 et

280 3989 452 4057 Suetonius
472 3992 504 4066 ll.
521 3992 542 4055 l.
559 4011 585 4057 1.
602 3993 622 4054 2
640 3985 715 4077 ‘Ap
731 3991 886 4059 Claudius
899 3985 1125 4076 Regilianus').
1169 3992 1287 4059 Verum
1317 4002 1427 4063 autem

280 4110 454 4178 cognomen
475 4092 652 4177 priscorum
674 4093 881 4161 Claudiorum
902 4093 1029 4160 uidetur
1051 4095 1149 4163 fuisse
1169 4088 1346 4164 ‘Crassus'.
