3108 4902
264 317 328 377 214
682 315 822 372 Comedus
839 314 979 372 dichorius

264 493 444 575 simumque
466 493 569 558 uirum
594 490 783 573 simpliciter
805 488 927 555 dixisse
943 484 1084 574 Μάρκον
1101 484 1248 564 Φούριον
1263 488 1322 567 (sic
1343 489 1410 572 leg·

265 595 327 660 itur
341 615 393 677 ap.
409 593 506 660 Diod.
522 595 556 657 in
570 592 665 659 rebus
679 590 855 658 referendis
867 590 954 674 XIV,
971 593 1012 655 93
1029 596 1060 657 et
1074 594 1144 673 117,
1159 596 1256 673 atque
1272 591 1305 655 in
1320 590 1411 656 fastis

264 716 420 763 annorum
435 697 507 778 353,
530 696 601 779 356,
625 697 686 760 360
700 694 761 778 bis,
777 693 849 776 368,
866 696 927 757 373
937 721 980 745 =
991 692 1068 758 XIV
1083 697 1135 776 44,
1151 697 1183 758 et
1195 693 1235 756 82
1251 697 1283 757 et
1297 695 1337 756 97
1349 692 1412 757 XV

264 799 332 863 267
346 800 387 861 25
403 803 436 863 et
449 798 519 880 48),
541 798 569 862 si
591 796 628 860 in·
645 796 733 862 fonte
759 795 992 862 nobilissimum
1013 794 1100 861 illius
1121 794 1233 860 fuisset
1254 795 1408 887 scriptum

264 919 441 984 cognomen
464 889 631 965 ‘Camilli'.
675 898 788 982 Neque
822 898 888 963 ulla
919 917 1016 964 causa
1046 902 1153 980 potest
1184 896 1310 981 afferri,
1344 916 1409 979 qua

263 1007 425 1084 permotus
447 1002 481 1066 in
502 1001 593 1067 libris
615 999 726 1067 iudea
742 1000 866 1066 decimo
888 1000 982 1066 tertio
998 999 1204 1087 sequentibus
1218 999 1411 1080 cognomina

264 1103 385 1171 addere
407 1103 539 1170 desierit
559 1101 735 1186 Diodorum
757 1122 832 1167 nam
847 1121 911 1185 qua
926 1106 994 1168 erat
1007 1120 1113 1167 rerum
1127 1100 1342 1166 Romanarum
1363 1101 1410 1182 ig·

264 1199 410 1272 rorantia
432 1210 464 1272 et
485 1206 699 1288 neglegentia,
730 1224 769 1270 ea
797 1223 880 1287 quoe
908 1202 997 1286 apud
1023 1208 1169 1270 auctores
1192 1222 1266 1269 suos
1288 1203 1412 1268 inuenit

265 1329 330 1374 non
357 1313 479 1374 mutata
500 1306 627 1373 uidetur
647 1307 815 1390 repetiisse
836 1324 941 1388 neque
963 1324 1021 1371 suo
1047 1305 1179 1370 arbitrio
1206 1305 1411 1388 praeteriisse
1431 1367 1435 1374 .

264 1410 392 1476 silentio
425 1409 622 1492 cognomina.
666 1407 821 1474 Minorem
853 1408 949 1473 etiam
978 1407 1047 1473 ueri
1074 1406 1215 1490 speciem
1249 1412 1409 1490 postremo

263 1512 292 1576 is
314 1510 462 1593 haberet,
493 1511 548 1594 qui
574 1511 640 1574 iam
662 1508 797 1574 Diodori
824 1514 986 1575 auctorem
1015 1507 1257 1590 antiquissimae
1280 1506 1409 1590 quidem

264 1613 379 1679 aetatis
401 1614 469 1678 lere
483 1612 612 1695 ignotae
628 1616 661 1677 et
675 1611 829 1677 obscurae
843 1609 1026 1694 prodidisse
1047 1611 1194 1676 statuerit
1209 1609 1410 1693 cognomina,

264 1714 450 1799 posterioris
464 1720 582 1796 autem,
605 1714 707 1796 quinti
722 1713 924 1796 potissimum
939 1712 1070 1795 saeculi,
1093 1712 1183 1778 cuius
1206 1712 1271 1776 iam
1293 1711 1411 1778 certior

265 1821 405 1892 exstaret
425 1816 590 1896 memoria,
613 1816 803 1898 cognomina
823 1815 971 1880 tacuisse.

350 1918 463 2001 Itaque
490 1923 617 2002 praeter
638 1918 801 1983 annalium
823 1918 1010 2000 scriptorem
1031 1914 1209 1982 aDiodoro
1230 1913 1413 1980 adhibitum

266 2012 337 2090 esse
365 2028 442 2106 puto
465 2020 648 2103 exemplum
670 2020 825 2085 fastorum
847 2018 1070 2102 consularium,
1093 2017 1271 2100 quaternis
1293 2016 1413 2100 singuli

264 2123 410 2191 consules
432 2123 613 2204 tribunique
643 2121 825 2187 consulares
853 2121 1041 2204 legebantur
1068 2119 1259 2185 nominibus.
1296 2119 1413 2202 Neque

264 2233 371 2291 661666
392 2223 427 2289 id
449 2224 632 2306 exemplum
654 2228 838 2306 excerptum
865 2228 942 2305 puto
963 2242 985 2287 a
1008 2221 1152 2288 Diodoro
1180 2241 1227 2287 ex·
1247 2222 1411 2287 annalium

264 2327 418 2410 scriptore
439 2326 559 2408 aliquo,
582 2322 641 2390 sed
661 2322 863 2390 referendum
885 2323 1013 2389 uidetur
1041 2322 1085 2389 ad
1106 2323 1250 2389 tabulam
1276 2322 1411 2389 chrono-

264 2418 418 2511 logicam,
446 2426 532 2492 unde
560 2425 722 2493 Diodorus
750 2432 878 2510 praeter
910 2426 1056 2492 eonsules
1084 2423 1253 2492 archontes
1283 2444 1411 2508 quoquc

264 2529 478 2598 Athenienses
501 2529 675 2612 sumpsisse
698 2532 747 2595 est
768 2527 963 2594 sumendus.
999 2527 1070 2593 Hac
1091 2527 1177 2593 enirn
1199 2527 1331 2609 ratione,
1353 2544 1411 2591 cur

263 2639 330 2699 tam
350 2651 423 2698 raro
445 2632 479 2696 in
494 2650 533 2697 ea
548 2632 653 2714 operis
668 2629 823 2696 Diodorei
837 2635 938 2713 parte,
954 2648 1018 2711 qua
1031 2634 1189 2712 apparent
1210 2627 1409 2711 cognomina,

264 2733 434 2800 historicae
464 2735 528 2798 sint
556 2731 703 2797 adnexae
731 2749 798 2813 res,
833 2731 1027 2814 explicatum
1060 2751 1135 2796 nam
1164 2751 1236 2798 cum
1263 2730 1339 2797 inde
1366 2731 1410 2796 ab
1484 2744 1487 2750 ’

266 2854 349 2900 anno
366 2836 427 2898 303
450 2832 493 2898 ad
508 2834 570 2894 452
586 2830 904 2915 undequinquaginta
918 2832 1011 2898 annis
1025 2851 1076 2899 res
1091 2833 1255 2899 Romanae
1269 2835 1413 2901 breuiter
1463 2849 1468 2858 ’

264 2940 458 3018 enarrentur,
488 2939 563 2999 ante
591 2931 789 2999 decemuiros
811 2931 887 3000 inde
916 2933 957 3000 ab
980 2954 1063 2999 anno
1086 2936 1148 2998 268
1171 2940 1320 3018 quattuor
1342 2943 1409 3003 tau-

264 3046 332 3104 tum
353 3037 429 3103 anni
443 3037 509 3131 η(66
526 3037 598 3118 269,
615 3036 687 3119 270,
703 3037 775 3118 277,
791 3036 866 3111 283)
892 3041 983 3102 notas
1012 3055 1067 3102 cas
1097 3035 1261 3104 exhibent.
1304 3036 1411 3122 Atque

263 3156 337 3202 mea
359 3137 489 3220 quidem
503 3137 661 3203 sententia
682 3134 866 3219 ille,'quem
885 3137 1028 3219 sequitur
1042 3137 1204 3205 Diodorus
1226 3140 1259 3204 in
1281 3159 1409 3206 enume-

264 3240 373 3306 randis
395 3241 496 3324 aunis,
519 3238 619 3305 index
641 3237 894 3322 chronologicus,
923 3259 995 3305 cum
1023 3240 1088 3305 iam
1114 3247 1211 3307 antea
1231 3244 1323 3309 annis
1346 3245 1409 3309 sin·

265 3344 348 3426 gulis
369 3343 544 3409 retulisset
564 3340 734 3407 archontes
749 3340 972 3424 Athenienses,
995 3342 1207 3427 olympiadas,
1229 3364 1342 3427 regum
1363 3352 1409 3410 ta·

264 3445 366 3527 bulas,
389 3443 466 3510 inde
485 3443 527 3510 ab
550 3443 693 3528 expulsis
715 3442 845 3526 regibus
859 3434 1180 3512 Romanis'consules
1202 3464 1329 3530 quoque
1351 3466 1411 3530 per

265 3547 408 3630 singulos
430 3566 531 3614 annos
553 3544 723 3629 descripsit
744 3550 840 3628 atque
862 3544 981 3612 additis
1003 3545 1134 3628 quidem
1156 3549 1409 3631 cognominibus.

264 3647 327 3726 Qui
348 3650 422 3714 lasti
444 3669 517 3715 cum
539 3646 628 3714 haud
648 3646 817 3713 uideantur
838 3667 889 3714 res
904 3667 1032 3730 quoque
1052 3647 1243 3733 prodidisse,
1266 3669 1330 3716 nou
1351 3670 1411 3733 po-

263 3751 324 3814 tuit
344 3750 449 3815 lacere
472 3748 650 3831 Diodorus,
679 3749 880 3830 quinalium
909 3767 1035 3831 quoque
1063 3747 1216 3815 historiae
1243 3750 1412 3816 Romanae
1432 3752 1437 3757 '

263 3848 433 3916 adhiberet
453 3855 630 3932 auctorem,
659 3848 745 3915 unde
772 3855 911 3916 sumeret
935 3869 1041 3915 rerum
1070 3852 1312 3917 enarrationem.
1357 3852 1413 3918 lix

265 3972 327 4037 quo
349 3956 478 4018 anctore
500 3953 638 4034 primum
660 3951 790 4035 quidem
817 3971 922 4035 pauca
943 3951 1112 4036 exscripsit
1133 3957 1166 4018 et
1193 3952 1226 4016 in
1253 3954 1414 4021 fastorum

263 4055 461 4137 laterculum,
485 4072 548 4137 quo
564 4053 712 4120 utebatur
727 4053 818 4136 duce,
841 4074 899 4122 suo
915 4072 1061 4138 quaeque
1076 4074 1159 4120 anno
1182 4055 1331 4141 inseruit;
1353 4076 1413 4124 ne·
