3108 4902
701 299 840 355 Corradus
858 297 998 354 cichorion

664 572 807 640 cAPUu
829 571 1030 650 QUINTUM

581 722 646 799 Da
668 726 810 823 fastis
839 722 1118 825 Capitolinis

360 917 429 982 Iam
461 914 665 998 paruerimus
698 911 740 977 ad
763 931 834 995 eos,
864 912 919 995 qui
946 911 1134 996 plenissima
1159 909 1300 976 referunt
1321 911 1423 992 magi·

276 1026 430 1087 stratuum
444 1017 583 1097 nomina,
605 1015 706 1081 fastos
721 1013 930 1098 Capitolinos.
967 1012 1031 1091 our
1049 1032 1120 1080 cum
1136 1013 1331 1096 singulorum
1348 1032 1422 1079 con·

276 1121 381 1188 sulum
402 1118 577 1185 exhibeant
597 1117 816 1201 praenomina,
838 1117 968 1182 nomina
982 1116 1125 1199 gentilia,
1148 1115 1339 1197 cognomina
1356 1116 1422 1180 sin-

275 1225 361 1308 gula,
382 1222 468 1304 bina,
497 1226 597 1301 terna,
628 1218 837 1303 praenomina
857 1223 984 1302 patrum
1005 1223 1103 1301 atque
1123 1236 1267 1299 auorum,
1289 1224 1421 1300 propter
1528 1234 1529 1301 ξ

275 1325 359 1391 hanc
386 1321 617 1407 plenitudinem
653 1341 772 1404 magna
799 1319 907 1386 adhuc
933 1318 1090 1386 florebant
1117 1320 1306 1386 auctoritate
1333 1318 1420 1404 apud
1528 1330 1529 1389 f

275 1428 446 1511 plerosque
467 1426 554 1490 uiros
577 1422 698 1490 doctos.
743 1422 809 1489 Sed
831 1441 871 1488 ea
891 1424 964 1505 ipsa
986 1421 1149 1504 decursa,
1174 1421 1260 1505 quod
1282 1428 1346 1487 tam
1365 1441 1419 1487 ac·

275 1534 384 1595 curate
413 1533 538 1593 enarrat
566 1544 617 1591 res
650 1526 765 1591 aetatis
799 1525 1057 1608 antiquissimae,
1099 1524 1188 1589 ouius
1225 1523 1418 1606 paucissima

274 1635 397 1695 tantum
419 1635 511 1695 certa
526 1627 713 1712 peruenisse
740 1626 784 1692 ad
811 1627 941 1693 saecula
968 1626 1147 1692 recentiora
1175 1632 1314 1709 constat,
1339 1624 1421 1691 mihi

275 1730 406 1814 quidem
427 1736 578 1814 suspecta
598 1728 743 1794 redditur
770 1730 915 1795 recensio
939 1728 1130 1812 Capitolina.
1173 1727 1215 1792 Et
1236 1748 1332 1810 quam
1354 1748 1421 1793 ma·
1529 1770 1530 1775 κ

274 1833 361 1899 xime
383 1830 418 1896 id
439 1852 491 1897 me
513 1830 660 1913 offendit,
690 1829 776 1913 quod
806 1831 948 1913 ipsorum
975 1829 1269 1912 antiquissimorum
1298 1836 1421 1915 tempo·

274 1954 344 2000 rum
371 1933 554 2001 consulibus
588 1951 747 1997 marmora
775 1951 873 2015 saepe
895 1931 971 1996 bina
995 1931 1049 1996 uel
1070 1937 1162 1996 terna
1183 1930 1325 1996 tribuunt
1347 1951 1421 2015 cog·

273 2037 418 2118 nomina‚
451 2055 524 2101 cum
555 2034 730 2100 uiderimus
763 2035 885 2116 priores
919 2031 1049 2115 quidem
1077 2040 1223 2099 auctores
1251 2032 1420 2100 historicos

275 2138 402 2203 omnino
417 2137 515 2218 nulla,
530 2137 724 2219 posteriores
738 2135 866 2217 singula
881 2140 1002 2200 tantum
1018 2135 1204 2219 praebuisse
1219 2136 1421 2218 cognomina.

359 2238 410 2304 Ex
437 2239 510 2320 ipsa
530 2238 668 2303 nominis
689 2243 803 2302 natura
824 2237 966 2319 sequitur
994 2238 1217 2319 inueniturque
1244 2237 1333 2320 apud
1354 2257 1421 2304 om·
1530 2264 1531 2295 r

273 2359 331 2406 nes
359 2340 426 2405 tere
454 2338 606 2422 populos,
634 2338 863 2420 antiquissimis
892 2337 1022 2421 quidem
1051 2339 1247 2422 temporibus
1275 2338 1421 2406 homines

273 2461 338 2507 non
360 2460 434 2507 usos
458 2460 529 2507 esse
551 2441 613 2507 nisi
635 2440 768 2524 singulis
790 2441 971 2507 nominibus
985 2448 1082 2523 atque
1098 2445 1165 2506 tum
1186 2440 1324 2525 demum,
1348 2462 1420 2508 cum

273 2545 382 2626 plures
403 2543 608 2626 cognomines
631 2543 842 2626 exstitissent,
870 2542 914 2608 ad
941 2541 1184 2625 distinguendos
1207 2562 1262 2608 eos
1283 2543 1420 2608 alterurn

275 2664 346 2711 csse
368 2644 513 2711 additum
543 2644 585 2709 ad
607 2645 794 2727 primarium
822 2644 904 2710 illud
924 2663 1049 2710 nomen.
1094 2645 1217 2709 Tamen
1239 2644 1420 2711 labentibus

273 2746 366 2811 annis
388 2747 492 2830 potuit
513 2744 599 2827 fieri,
629 2751 664 2810 ut
687 2764 728 2811 ne
756 2746 833 2811 bina
863 2745 994 2828 quidem
1023 2747 1153 2812 nomina
1175 2745 1355 2812 sufficerent
1376 2745 1420 2811 ad

274 2849 361 2913 clarc
384 2845 600 2929 designandos
623 2845 783 2930 homines,
813 2853 879 2912 turn
908 2868 993 2914 noua
1017 2849 1146 2914 nomina
1167 2848 1326 2931 prioribus
1348 2853 1422 2913 sunt

273 2947 416 3032 adnexa,
439 2947 660 3031 patronymica
682 2954 737 3013 aut
764 2968 806 3014 ex
825 2949 906 3016 locis
929 2950 981 3015 uel
1004 2951 1146 3032 corporis
1169 2970 1211 3016 ex
1233 2948 1421 3015 habitudine

273 3051 383 3135 petita,
405 3051 543 3134 primum
558 3049 687 3133 quidem
701 3069 766 3115 non
787 3051 849 3117 nisi
865 3051 897 3115 in
912 3051 1039 3134 priuato
1053 3070 1113 3117 usu
1128 3050 1284 3135 adhibita,
1306 3056 1421 3136 postea

272 3158 380 3218 autem
402 3158 533 3236 recepta
554 3153 708 3236 legitima
752 3152 812 3218 His
834 3153 932 3218 ternis
950 3153 1130 3219 nominibus
1152 3153 1180 3219 si
1202 3153 1330 3235 quando
1351 3158 1422 3219 ute·

272 3259 381 3319 rentur
403 3253 526 3319 eisdem
540 3255 632 3320 multi
655 3253 810 3337 homines,
832 3274 949 3321 nouum
965 3256 1062 3320 etiam
1083 3274 1241 3338 agnomen
1262 3254 1340 3321 addi
1362 3274 1421 3339 po·

273 3355 333 3420 tuit
345 3358 376 3438 ¹),
405 3357 467 3422 nisi
498 3357 626 3422 omnino
655 3356 721 3421 alia
749 3357 880 3421 nomina
910 3357 1158 3440 accipiebantur.
1202 3355 1270 3421 Sed
1299 3357 1420 3440 ubique

273 3457 436 3523 cumulata
456 3458 587 3523 nomina
608 3463 682 3540 post
703 3458 804 3523 multa
826 3457 953 3523 demum
970 3459 1100 3526 saecula
1118 3455 1331 3541 inueniuntur,
1353 3459 1420 3525 iam

274 3559 402 3625 exculta
424 3558 491 3624 uita
513 3564 545 3624 et
566 3560 732 3643 republica
753 3559 953 3643 populorum.

357 3661 464 3745 Atque
492 3661 588 3745 plane
616 3661 704 3727 idem
736 3661 770 3726 in
797 3661 949 3728 Romanis
978 3680 1105 3745 quoque
1131 3663 1312 3729 nominibus
1334 3684 1420 3729 com·

361 3881 384 3943 1)
402 3875 563 3946 Exemplum
585 3877 695 3948 profero
718 3879 804 3947 gentis
821 3878 962 3936 Romanae
980 3878 1132 3946 Corneliae,
1156 3879 1204 3934 ubi
1227 3880 1354 3935 continuo
1373 3895 1423 3935 or-

272 3963 334 4019 dine
351 3961 507 4032 primarium
524 3978 622 4018 nomen
640 3964 680 4020 sic
698 3964 892 4034 amplificatur:
912 3964 1052 4019 Cornelius
1069 3995 1102 4004 -
1121 3963 1261 4020 Cornelius
1275 3965 1366 4034 Scipio
1386 3996 1423 4006 -

272 4048 413 4105 Cornelius
432 4046 521 4116 Scipio
540 4047 641 4104 Nasica
657 4079 692 4090 —
710 4049 849 4105 Cornelius
867 4049 958 4119 Scipio
976 4048 1076 4104 Nasica
1093 4048 1214 4118 Serapio.
