3108 4902
226 317 286 377 182
649 315 787 373 conradus
805 315 946 371 cichorius

225 491 267 556 M.
290 491 418 557 Valerio
452 489 571 573 fetiali,
605 487 660 572 Sp.
688 488 785 554 Fusio
814 489 898 573 patri
925 493 1050 572 patrato
1083 487 1165 566 (Liu.
1190 491 1225 570 1,
1246 490 1305 571 24,
1328 491 1372 572 6),

225 593 268 658 Μ.
291 592 392 658 Atilio
414 590 583 659 duumuiro
606 590 714 668 (Dion.
737 594 767 674 4,
791 592 831 654 62
855 597 888 656 et
901 590 971 655 Val.
988 591 1073 656 Max.
1099 594 1127 673 1,
1152 595 1179 671 1,
1207 592 1266 673 13),
1296 588 1372 656 (lor-

224 696 311 762 nelio
332 693 492 761 sacerdoti
515 693 639 760 Dianae
662 693 886 759 Auentinensis
909 693 1003 771 (Plut.
1026 699 1147 775 quaest
1163 692 1254 758 Rom.
1271 694 1312 762 4).

312 795 402 874 Quae
425 794 588 878 hucusque
611 794 772 879 disputaui
800 814 864 861 non
885 795 1021 861 inueniri
1050 794 1165 860 docent
1186 799 1274 860 certa
1295 814 1369 878 cog·

225 900 387 965 nominum
409 898 546 980 uestigia
567 902 641 963 ante
669 917 788 962 annum
815 897 903 963 urhis
930 897 997 962 fere
1020 899 1098 979 450,
1126 895 1222 963 immo
1252 897 1369 979 ineis,

227 1019 436 1084 quaecunque
459 1019 531 1065 eum
546 999 773 1084 probabilitate
796 998 936 1093 quadam
950 997 1127 1065 referuntur
1148 997 1190 1064 ad
1213 1000 1371 1082 antiquio-

226 1105 270 1169 ris
298 1103 413 1169 aetatis
442 1102 644 1185 memoriam,
678 1101 819 1183 ignorari
855 1101 1054 1184 cognomina.
1104 1099 1170 1167 Sed
1203 1121 1275 1168 curn
1308 1103 1373 1166 iarn

226 1211 301 1270 ante
330 1205 420 1269 illum
449 1223 567 1269 annum
590 1204 726 1286 scriptos
749 1203 910 1269 exstitisse
937 1202 1036 1269 fastos
1066 1203 1249 1270 consulares
1276 1224 1373 1288 supra

228 1308 270 1372 sit
291 1305 556 1389 demonstratum,
587 1323 642 1371 eos
665 1324 791 1387 quoque
814 1305 883 1370 sine
906 1304 1149 1387 cognominibus
1171 1324 1372 1372 enumerasse

226 1409 519 1491 antiquissimorum
549 1408 713 1473 consulum
745 1408 874 1472 nomina
907 1407 1062 1490 sequitur,
1096 1413 1271 1492 posteaque
1299 1426 1371 1475 esse

228 1509 340 1576 addita
362 1510 419 1574 illa
441 1528 523 1591 quae
545 1528 604 1574 nos
629 1509 766 1592 legimus
788 1509 821 1573 in
842 1508 934 1574 fastis
956 1509 1078 1574 saeculi
1106 1509 1191 1575 tertii
1213 1514 1245 1575 et
1266 1511 1370 1592 quarti

229 1612 434 1696 cognomina:
458 1611 498 1677 cf.
520 1610 697 1676 Mommsen
719 1608 812 1671 Rom.
829 1607 961 1675 Forocb.
977 1610 1001 1694 I,
1025 1630 1057 1693 p.
1074 1614 1124 1675 57.

313 1712 406 1793 Quod
429 1732 500 1780 esse
522 1732 633 1779 uerum
649 1710 841 1794 uidebimus,
863 1712 890 1778 si
912 1713 1210 1795 perlustrauerimus
1232 1714 1371 1796 nomina,

228 1815 337 1898 qualia
358 1816 523 1881 consulum
545 1819 619 1880 ante
641 1834 759 1880 annum
782 1816 843 1878 loo
866 1833 897 1877 n.
915 1833 941 1879 c.
965 1812 1138 1880 exhibeant
1159 1815 1374 1897 antiquissimi

227 1916 381 1985 historiae
411 1918 576 1983 Romanae
604 1923 760 1983 auctores.
816 1915 936 1982 Omnes
958 1917 1044 1981 enim
1078 1916 1224 1983 consules
1246 1923 1374 2000 praeter

227 2020 420 2087 clarissimos
442 2020 538 2100 uiros,
553 2018 696 2100 Brutum,
712 2017 922 2101 Poplicolam,
939 2016 1117 2100 Camillum,
1139 2017 1371 2101 Cincinnatum,

227 2121 433 2205 praenomine
456 2125 578 2186 tantum
601 2124 633 2185 et
653 2118 781 2185 nomine
803 2119 976 2201 gentilicio,
1006 2138 1162 2202 nusquam
1185 2122 1373 2203 cognomine

227 2221 314 2306 apud
348 2241 403 2289 eos
432 2222 589 2306 appellari
622 2220 922 2287 animaduertemus.
978 2220 1069 2298 Quae
1102 2224 1310 2307 comprobant
1341 2230 1374 2290 et

227 2325 407 2408 fragmenta
428 2343 469 2389 ex
483 2323 573 2389 libris
595 2323 724 2388 illorum
745 2327 873 2389 seruata
895 2327 927 2388 et
949 2324 979 2388 ei
1001 2327 1165 2390 auctomm
1187 2326 1303 2392 aetatis
1324 2345 1372 2392 re·

228 2428 378 2493 centioris
403 2426 493 2509 libri,
522 2425 623 2508 Liuii,
653 2424 817 2507 Dionysii,
847 2424 1027 2508 Plutarchi,
1050 2417 1201 2510 aliorum,
1229 2446 1309 2510 quos
1331 2447 1373 2493 ex

227 2528 460 2612 antiquioribus
481 2526 612 2595 haustos
635 2546 706 2594 esse
727 2527 896 2594 annalibus
919 2533 1051 2594 constat.
1096 2528 1140 2595 Ut
1160 2528 1271 2594 Liuius
1293 2528 1371 2594 alte-

227 2651 263 2696 ro
278 2631 370 2714 libro,
394 2650 487 2713 quem
502 2628 608 2695 redire
623 2629 791 2712 probabile
813 2634 862 2694 est
882 2627 926 2693 ad
946 2630 1069 2712 priores
1092 2629 1252 2695 annalium
1273 2630 1371 2712 scrip-

228 2739 313 2797 tores
334 2732 470 2797 Fabium
492 2737 524 2796 et
545 2731 696 2796 Pisonem
723 2731 853 2813 (exigua
876 2749 916 2795 ex
937 2737 1029 2814 parte
1051 2731 1092 2797 ad
1112 2732 1273 2797 Antiatem
1294 2751 1371 2815 quo-

229 2833 313 2918 que?
342 2834 382 2899 ef.
404 2833 569 2915 Kiessling
590 2832 641 2897 De
663 2832 796 2915 Dionys.
820 2838 883 2898 ant.
906 2839 987 2900 auct.
1011 2835 1065 2900 lat.
1088 2855 1120 2918 p.
1137 2836 1206 2918 23),
1228 2836 1373 2919 exceptis

227 2936 318 3002 falsis
340 2935 415 3000 anni
437 2937 498 2999 245
523 2933 717 3016 consulibus,
745 2955 766 2999 a
794 2936 899 3020 eapite
929 2941 1042 3002 octauo
1072 2936 1115 3002 ad
1137 2938 1373 3020 sexagesimum

229 3038 372 3120 quintum
397 3037 524 3103 omnino
547 3040 674 3103 centum
697 3035 811 3120 uiginti
833 3035 988 3121 homines,
1017 3038 1188 3130 inquibus
1211 3040 1373 3122 octoginta

227 3140 389 3223 consules,
424 3140 580 3222 nominat,
609 3157 717 3205 omnes
745 3143 853 3204 tamen
883 3141 1000 3207 omisso
1032 3141 1220 3222 cognomine
1246 3147 1374 3224 praeter

227 3262 324 3308 unum
348 3242 385 3307 Τ.
408 3241 590 3307 Numicium
619 3240 763 3333 Priscum
793 3241 955 3307 consulem
983 3242 1058 3307 anni
1081 3243 1141 3305 285
1164 3241 1245 3318 (Liu.
1263 3245 1293 3325 2,
1310 3244 1371 3315 63).

313 3343 357 3410 Ut
378 3342 442 3406 iam
458 3341 601 3424 singulos
615 3361 797 3424 percurram
820 3348 976 3424 auctores,
998 3342 1120 3425 primus
1141 3344 1194 3426 qui
1210 3343 1373 3409 consulem

227 3446 404 3512 Romanum
437 3445 566 3510 nomine
587 3444 713 3528 laudat,
747 3444 869 3510 Duris
892 3443 1050 3511 Samius
1080 3445 1168 3528 apud
1195 3444 1372 3511 Diodorum

227 3548 260 3624 (l.
276 3548 402 3629 XXI,6
423 3568 455 3631 p.
473 3549 510 3611 13
533 3546 651 3624 Bekk.)
682 3544 720 3624 Q.
743 3547 879 3613 Fabium
909 3548 1071 3614 consulem
1099 3548 1174 3613 anni
1198 3551 1259 3612 459
1287 3568 1371 3614 com-

226 3656 380 3716 memorat
402 3650 463 3716 sic:
494 3697 547 3714 ...
565 3640 776 3735 ἀνῃρέθησαν
798 3642 864 3714 ὑπὸ
885 3642 1053 3731 Ῥωμαίων
1076 3653 1206 3732 Φαβίου
1227 3642 1373 3713 ὑπατεύ-

229 3773 322 3827 οντος
350 3748 428 3814 δέκα
449 3748 616 3838 μυριάδες.
660 3751 873 3836 Polybius,
903 3753 1064 3819 utstatim
1086 3753 1252 3819 absoluam
1275 3751 1374 3818 Grae·

227 3874 291 3938 cos,
314 3853 397 3920 libro
421 3855 439 3917 3
462 3856 527 3931 (22)
549 3874 614 3920 una
636 3874 706 3920 cnm
727 3853 764 3918 L.
786 3854 878 3920 Iunio
900 3854 998 3921 Bruto
1029 3855 1190 3922 consulem
1214 3855 1288 3919 anni
1312 3857 1373 3918 245

227 3961 321 4023 uocat
343 3956 384 4020 M.
401 3955 577 4022 Horatium.
614 3955 797 4023 Naeuius
819 3957 852 4021 in
874 3957 1061 4040 fragmentis
1075 3957 1154 4024 belli
1168 3956 1282 4022 Punici
1304 3955 1374 4022 sine

227 4058 416 4143 cognomine
445 4056 524 4124 dicit
551 4077 704 4124 armorum
733 4060 792 4122 491
826 4064 858 4125 et
886 4062 946 4124 512
976 4059 1123 4127 consules
1145 4058 1187 4123 M.
1210 4058 1374 4124 Valerium
