3108 4902
424 319 467 374 De
483 318 561 377 lusda
579 319 767 376 musulsnbnn
783 318 985 390 antiquissimis.
1218 321 1279 384 251

216 491 298 560 Cum
311 490 406 574 igitur
420 490 691 577 compositionem,
714 489 962 578 dispositionem,
983 493 1128 562 ordinem
1145 494 1280 563 eundem

132 592 467 681 comprehenderimus
487 593 613 659 annalis
631 594 841 679 Pomponiani
862 600 959 676 atque
980 594 1135 664 fastorum
1151 595 1279 681 Capito·

131 698 276 781 tinorum,
298 696 406 763 omnia
426 695 494 778 illa,
519 696 635 776 quibus
655 697 739 763 ultra
759 697 971 779 antiquiorum
993 698 1125 765 fontium
1149 700 1280 767 modum

130 816 332 885 progressam
362 796 580 865 demonstrant
609 797 827 866 recensionem
852 797 1080 883 Capitolinam,
1109 800 1151 866 ab
1172 801 1280 868 Attico

133 919 260 983 quoque
280 902 315 966 in
336 899 447 966 annali
467 899 565 966 fuisse
586 901 692 984 posita
718 901 895 985 apparebit.

218 1002 357 1082 qnorum
378 1003 513 1087 primum
533 1020 630 1086 supra
652 1000 720 1068 dixi
741 1002 900 1069 uariorum
916 1001 1158 1086 magistratuum
1179 1006 1280 1072 iastos

130 1106 166 1171 in
186 1126 283 1172 unum
303 1102 451 1170 redactos
473 1122 596 1187 corpus.
639 1102 677 1171 Id
703 1105 807 1190 ipsum
836 1110 942 1171 autem
965 1105 1006 1171 ab
1029 1105 1136 1172 Attico
1158 1106 1279 1173 iactum

130 1225 203 1273 esse
223 1206 345 1272 indicat
357 1206 467 1290 Nepos
483 1205 559 1286 (Art.
577 1209 637 1289 18),
660 1227 732 1274 cunr
746 1206 866 1272 scribat
884 1200 930 1271 ‘in
945 1226 984 1274 eo
1010 1205 1103 1290 libro,
1126 1226 1188 1289 quo
1211 1225 1278 1272 ma-

128 1309 281 1393 gistratus
303 1298 482 1374 ordinauit.
525 1307 638 1390 Neque
661 1309 745 1375 enim
765 1309 875 1393 Nepos
897 1307 989 1374 dicit:
1009 1302 1170 1375 ‘eonsules
1193 1307 1279 1375 ordi·

129 1402 247 1492 nauit',
276 1408 361 1476 unde
382 1409 464 1476 alios
488 1428 615 1491 quoque
642 1410 846 1494 magistratus
875 1410 917 1475 ab
940 1410 1046 1477 Attico
1076 1411 1278 1478 enumeratos

130 1511 231 1578 fuisse
252 1511 475 1594 intellegimus.
510 1511 548 1576 In
566 1510 681 1593 quibus
695 1530 758 1577 non
773 1511 871 1578 luisse
893 1520 1056 1596 praetores
1072 1511 1278 1594 tribunosque

131 1612 236 1698 plebis
265 1634 306 1679 ex
334 1612 459 1680 duobus
489 1610 648 1678 Ciceronis
676 1612 767 1694 locis,
794 1613 837 1679 ad
859 1615 923 1681 Att.
943 1619 991 1696 13,
1006 1619 1057 1696 30,
1073 1617 1222 1697 3-32‚3
1246 1619 1278 1681 et
1345 1654 1348 1659 ·

133 1718 184 1798 16,
200 1718 219 1779 3
243 1712 349 1782 effecit
363 1715 540 1781 Mommsen
555 1712 660 1790 (libor.
676 1712 787 1779 Cleon.
803 1735 833 1799 p.
844 1720 902 1778 145
917 1714 991 1781 adn.
1004 1718 1088 1799 274),
1110 1721 1207 1798 atque
1222 1734 1278 1783 eos

129 1817 219 1901 ipsos
240 1835 281 1881 ne
297 1815 330 1880 in
345 1815 533 1900 Capitolinis
547 1814 676 1899 quidem
690 1815 782 1882 iestis
796 1815 915 1898 referri,
938 1821 1024 1882 recte
1037 1823 1144 1883 monet
1158 1817 1279 1883 Matnat

129 1920 152 1984 l.
168 1919 189 1984 l.
211 1916 340 2001 (Chroo.
356 1920 373 1984 I
387 1938 418 2001 p.
435 1921 496 1984 353
511 1917 584 1985 adu.
601 1921 643 1995 2).
675 1919 713 1984 In
736 1917 920 1985 ordinandis
942 1918 1179 2002 magistratibus
1194 1919 1277 1985 Atti·

130 2040 203 2087 cum
218 2028 385 2105 praeterea
402 2020 549 2088 existimo
567 2040 639 2087 esse
654 2020 837 2104 amplexum
852 2019 1002 2088 suffectos
1017 2019 1174 2104 consules,
1196 2038 1277 2102 quos

128 2122 317 2205 antiquioris
340 2122 470 2204 quidem
491 2124 608 2190 aetatis
629 2123 776 2207 ignorant
790 2122 953 2189 annalium
974 2121 1144 2206 scriptores
1167 2127 1200 2190 et
1222 2123 1278 2204 qui

128 2244 186 2292 eos
208 2225 308 2291 secuti
330 2230 402 2291 suut
423 2225 542 2303 Liuius,
564 2225 749 2309 Dionysius,
771 2224 942 2307 Diodorus,
969 2230 1035 2291 tum
1058 2223 1277 2292 abdicationes

128 2343 308 2406 causasque
329 2345 455 2409 earum,
484 2332 602 2392 mortes
624 2326 866 2409 magistratuum
888 2322 932 2405 (i.
949 2347 989 2392 m.
1006 2347 1047 2392 ιιι.
1064 2318 1099 2393 e?
1113 2327 1168 2394 uel
1181 2320 1215 2392 ‘i.
1230 2347 1278 2412 pr.

126 2447 196 2494 ooo.
212 2418 280 2510 eff),
302 2445 414 2492 causas
437 2425 513 2491 dicti
534 2425 698 2493 dictatoris
719 2428 778 2506 (rei
799 2426 978 2511 gerundae,
1000 2427 1198 2494 comitiorum
1221 2427 1276 2492 ba
1396 2492 1400 2498 .

128 2527 321 2611 bendorum,
351 2527 434 2594 claui
454 2526 591 2611 figendi,
621 2524 786 2594 seditionis
807 2526 970 2595 sedandae
992 2531 1099 2608 causa)
1120 2528 1188 2594 alia
1210 2529 1280 2595 eius

128 2631 227 2715 modi,
250 2649 333 2712 quae
355 2631 421 2696 iere
443 2628 597 2695 adnotare
619 2623 724 2696 solent
745 2629 820 2695 fasti
842 2628 1022 2713 Capitolini.

214 2733 359 2799 Alterum
386 2731 699 2814 idque-maximum,
730 2750 793 2813 quo
814 2732 856 2798 ab
879 2730 965 2798 omni
993 2729 1145 2798 memoria
1173 2730 1278 2814 priore

127 2833 280 2902 differunt
300 2834 375 2900 fasti
397 2833 576 2918 Capitolini,
600 2833 698 2900 statui
718 2835 830 2919 plenos
861 2852 940 2917 quos
962 2832 1115 2900 exhibent
1135 2832 1212 2900 inde
1234 2833 1277 2898 ab

128 2935 359 3018 antiquissimis
380 2935 575 3020 temporibus
589 2937 754 3002 consulum
768 2935 890 3003 indices
908 2936 1140 3018 genealogioos.
1179 2934 1278 3018 Quos,

129 3060 203 3107 oum
225 3059 265 3106 ex
287 3037 428 3104 fontibus
449 3037 665 3122 superioribus
687 3057 750 3103 non
772 3037 940 3104 uideantur
967 3037 1074 3103 hausti
1096 3055 1177 3120 esse,
1205 3057 1278 3102 sero

23 3162 34 3173 ·
130 3140 322 3224 compositos
344 3159 415 3206 esse
442 3138 590 3206 uidimus.
634 3140 740 3221 Atque
763 3138 812 3204 bis
838 3137 1038 3223 potissimum
1060 3135 1173 3202 studiis
1195 3136 1276 3202 Atti-

130 3261 204 3307 cum
224 3261 302 3325 prae
316 3242 429 3308 ceteris
450 3260 580 3325 operam
594 3240 723 3309 dedisse
743 3240 832 3307 loeus
847 3239 1042 3306 demonstrat
1054 3239 1190 3325 Nepotis
1211 3238 1279 3304 iam
1388 3260 1391 3267 ¹

128 3347 228 3408 antea
241 3341 399 3410 laudatus.
423 3343 506 3411 Nam
520 3342 698 3426 singulares
709 3342 809 3409 libros
823 3340 950 3425 scripsit
965 3341 1005 3408 de
1018 3340 1168 3426 gentibus
1175 3340 1279 3426 Iunia,

130 3443 276 3527 Claudia,
298 3443 478 3520 (Cornelia‘t
498 3446 537 3511 of.
553 3466 584 3530 p.
598 3448 657 3510 237
675 3444 747 3511 adn.
761 3443 801 3529 l),
823 3444 935 3526 Fabia,
957 3443 1096 3509 Aemilia
1117 3461 1221 3524 neque
1243 3442 1279 3509 in

128 3545 324 3627 imaginibus
344 3547 524 3630 neglexisse
546 3545 706 3631 putandus
728 3552 777 3614 est
804 3545 1036 3630 genealogiam.
1080 3542 1184 3628 Quam
1206 3543 1277 3610 dili-

128 3648 315 3734 gentissime
336 3653 443 3715 autem
464 3649 497 3715 in
519 3667 592 3714 eam
613 3649 776 3732 inquisiuit
796 3648 866 3733 ipso
887 3647 1004 3729 annali,
1027 3646 1082 3712 ubi
1103 3645 1279 3712 secundum

104 3739 107 3745 ’
128 3752 289 3837 Nepotem
307 3750 329 3815 l.
343 3751 366 3815 l.
385 3744 486 3831 ‘quod
508 3748 730 3816 difficillimum
751 3749 821 3831 fuit,
844 3749 890 3815 sic
909 3746 1102 3814 familiarum
1124 3745 1279 3829 originem

128 3851 309 3935 subtexuit,
342 3857 377 3916 ut
404 3872 446 3917 ex
473 3871 511 3917 eo
545 3851 700 3916 clarorum
734 3851 871 3916 uirorum
899 3848 1090 3934 propagines
1118 3848 1280 3932 possimus

128 3944 347 4038 cognoscere'.
381 3951 502 4031 Quodsi
524 3951 713 4034 quaerimus,
736 3969 798 4032 quo
814 3941 1145 4018 modo‘subtexuerit'
1163 3968 1277 4035 propa-

128 4055 224 4139 gines
245 4076 300 4123 eas
321 4055 456 4141 Atticus,
478 4056 574 4141 plena
594 4052 699 4139 gentis
722 4053 875 4135 cuiusque
903 4057 1073 4122 stemmata
1094 4073 1166 4122 eum
1189 4049 1279 4118 exhi·

186 4161 301 4214 Leipziger
313 4164 414 4207 Studien.
432 4163 470 4206 IX.
1042 4157 1072 4206 17
