3108 4902
279 328 340 388 230
702 326 842 383 conradus
861 326 1000 383 dichorius

277 504 351 588 ipsa
371 502 429 568 illa
451 507 556 567 aetate
580 506 653 568 sunt
674 501 852 567 exstinctae
869 519 971 584 neque
986 501 1052 566 iam
1065 499 1240 567 floruerunt
1254 507 1329 584 tum,
1353 521 1424 568 cum

278 604 431 671 fastorum
453 604 691 670 instituerentur
712 604 924 685 recensiones,
953 603 1055 669 itaut
1078 622 1186 668 earum
1209 603 1340 686 quidem
1361 624 1426 670 non

209 772 212 777 ,
278 706 439 789 potuerint
467 712 593 771 exstare
624 705 844 771 commentarii
856 705 888 781 ¹).
933 704 1105 771 Praeterea
1131 712 1237 771 autem
1265 711 1330 771 tam
1352 725 1426 772 con·

278 813 399 874 stanter
420 808 453 871 in
476 807 623 873 omnibus
644 806 792 889 gentibus
814 805 992 872 adhibitam
1007 803 1154 875 uidemus
1170 805 1306 873 eandem
1327 808 1422 873 ratic

278 929 361 992 nem,
384 914 418 974 ut
432 929 496 976 non
510 910 634 992 possint
655 907 800 991 profecta
822 927 893 974 esse
915 908 1046 974 nomina
1066 909 1125 974 illa
1140 929 1181 975 ex
1195 910 1304 976 multIs
1319 911 1423 976 naria-

278 1032 348 1077 rum
370 1011 564 1077 familiarum
587 1011 816 1078 stemmatibus.

363 1130 407 1198 Ut
428 1137 535 1196 tamen
558 1149 667 1196 ueram
682 1130 915 1213 geminatorum
931 1130 1155 1214 cognominum
1171 1129 1428 1214 Oapitolmorum

276 1239 422 1299 naturam
444 1233 691 1316 perspiciamus,
726 1251 797 1297 cum
830 1230 895 1298 illis
927 1233 1121 1315 comparabo
1155 1252 1195 1300 ea
1225 1236 1427 1320 cognomina,

278 1355 360 1417 quae
384 1334 556 1402 eorundem
580 1335 745 1401 consulum
768 1333 909 1399 referunt
930 1334 1014 1399 duae
1036 1334 1129 1417 illae,
1162 1354 1242 1417 quas
1265 1337 1427 1421 constitui,

277 1437 430 1504 fastorum
444 1437 656 1520 recensiones,
671 1435 836 1502 Diodorea
850 1441 883 1501 et
897 1436 1073 1519 Liciniana,
1095 1435 1240 1503 exhibita
1253 1438 1295 1504 ab
1308 1438 1425 1524 Idatio,

276 1538 380 1621 Liuio,
403 1539 560 1622 Dionysio
583 1544 615 1605 et
637 1538 669 1603 in
690 1535 846 1604 Chronico
869 1536 1029 1604 Paschali.
1074 1537 1154 1605 Dum
1176 1545 1283 1606 autem
1304 1539 1425 1608 Diodo-

278 1660 331 1706 rus
353 1661 416 1707 non
439 1639 557 1706 babeat
580 1641 771 1724 cognomina
799 1640 862 1706 nisi
884 1640 925 1705 ab
954 1660 1038 1706 anno
1062 1642 1124 1705 268
1146 1640 1189 1707 ad
1211 1663 1329 1709 annum
1352 1645 1425 1728 328,

277 1740 339 1808 hoc
361 1762 424 1808 uno
457 1742 610 1826 temporis
639 1742 743 1825 spatio
772 1741 865 1806 trium
896 1742 1118 1808 recensionum
1140 1762 1310 1826 possumus
1339 1766 1424 1813 com·

277 1864 396 1929 ponere
417 1845 615 1911 memoriam.
659 1844 765 1926 Atque
794 1843 853 1909 sub
882 1842 995 1910 decem
1022 1846 1150 1911 omnino
1172 1848 1279 1930 annis,
1310 1848 1425 1930 quibus

277 1948 440 2031 geminata
461 1947 610 2030 leguntur
632 1946 822 2029 cognomina
850 1945 883 2010 in
905 1946 1023 2012 tabulis
1047 1945 1246 2032 Capitolinis,
1276 1954 1309 2015 et
1336 1949 1425 2034 opud

276 2049 455 2116 Diodorum
484 2056 517 2115 et
544 2051 577 2114 in
599 2049 690 2115 tastis
719 2066 761 2114 ex
782 2047 891 2113 Macro
918 2049 1052 2132 sumptis
1077 2055 1203 2116 exstant
1224 2052 1423 2134 cognomina.

277 2149 358 2216 Sunt
379 2156 486 2216 autem
508 2149 604 2217 haec:

362 2337 411 2388 288
446 2332 525 2388 Diod.
559 2330 706 2386 Albinus
869 2331 1351 2402 Regilianus(IdPascbDion.)

445 2418 533 2487 Capit.
634 2417 1001 2486 AlbusRegitllensis).

361 2506 410 2557 299
445 2502 524 2558 Diod.
559 2501 714 2570 Regulus
867 2503 975 2557 Albus
993 2502 1064 2570 (Liu.
1082 2502 1173 2570 Dion.)

446 2586 533 2658 Capit.
635 2587 743 2643 Albus
762 2587 995 2656 Regilltensis).

362 2677 410 2727 293
445 2673 524 2728 Diod.
560 2673 761 2727 Amentinus
870 2671 988 2727 Gallus
1006 2672 1085 2738 (Idat.
1103 2673 1212 2739 Pasch.)

447 2758 534 2826 Capit.
637 2756 937 2812 Amintin.Gailus.

362 2846 411 2897 295
446 2842 524 2897 Diod.
561 2842 738 2897 Curitinus
867 2840 1388 2911 Maluginensis(Idat.Paseb.Liu.)

446 2927 533 2995 Capit.
636 2926 1092 2995 MaluginensisUrtiti)nus.

362 3016 410 3067 299
445 3013 524 3067 Diod.
558 3012 746 3067 Vaticanus
869 3012 1204 3081 Rogustldat.Pasoh.)

446 3098 534 3167 Capit.
637 3098 749 3152 Roous
768 3098 964 3154 Vaticanus.

361 3188 410 3237 399
444 3182 524 3238 Diod.
558 3181 741 3237 Fontinius
867 3183 981 3239 Varus
998 3181 1077 3249 (Idat.
1095 3182 1203 3249 Pasch.)

445 3268 533 3337 Capit.
635 3268 743 3322 Varus
761 3267 969 3324 Fontinalis.

360 3358 407 3408 301
445 3353 524 3408 Diod.
560 3353 779 3422 Trigeminus
868 3353 995 3408 Festus
1012 3353 1092 3418 (Idat.
1111 3353 1220 3419 Pascb.)

445 3438 532 3508 Capit.
635 3437 999 3507 FistusTrigeminus.

362 3610 488 3680 Deinde
504 3612 608 3695 quarti
624 3610 745 3678 saeculi
760 3609 954 3678 adferendus
977 3617 1026 3678 est
1039 3630 1140 3677 annus
1157 3614 1228 3696 395,
1252 3632 1314 3694 quo
1330 3634 1424 3697 prae·

276 3723 326 3783 ter
348 3715 607 3783 consuetudinem
631 3714 725 3779 alteri
748 3715 871 3781 consuli
893 3713 985 3781 addit
1006 3713 1168 3780 Diodorus
1190 3735 1378 3798 cognomen.

361 4002 385 4064 1)
403 3998 622 4066 Quattuordecim
637 4001 743 4053 tantum
753 4002 845 4068 gentes
856 3997 984 4068 patricias
1002 4000 1037 4056 ad
1046 3998 1183 4057 Ciceronis
1201 4001 1319 4055 aetatem
1336 4015 1425 4071 usque

273 4084 405 4153 floruisse,
423 4087 514 4139 monet
531 4084 679 4165 Mommsen
697 4081 785 4149 (Rom.
796 4083 910 4139 Forscb.
928 4084 941 4137 1
957 4099 985 4153 p.
997 4088 1064 4150 122).
