3108 4902
275 320 337 381 258
701 320 841 377 Conradm
860 319 998 377 (dichorius
1072 342 1078 351 ·
1188 342 1192 349 ·

360 495 428 559 lam
454 491 587 577 perneni
608 491 651 559 ed
671 491 767 560 finem
789 491 1022 576 disputationis,
1051 489 1141 558 cuius
1170 510 1295 560 summa
1315 491 1422 577 capita

276 595 415 664 breuiter
436 594 531 662 liceat
552 593 832 680 comprehendere.

359 696 449 763 Fasti
470 697 565 782 igitur
578 697 760 764 consulares
775 695 987 779 antiquissimi
1007 695 1076 763 sine
1091 695 1330 781 cognominibus
1346 716 1420 762 enu-

275 798 441 867 merabant
471 798 611 884 priorum
644 799 842 866 saeeulomm
870 799 1074 884 magistratus
1104 804 1201 885 atque
1230 799 1290 866 bos
1318 799 1419 866 fastos

275 900 470 983 antiquiores
491 921 601 970 omnes
615 907 801 987 receperunt
813 900 994 986 scriptores.
1031 900 1132 979 Quem
1152 909 1259 968 tamen
1278 899 1419 969 indicem

275 1007 397 1089 postea,
418 1003 552 1088 profecti
573 1003 706 1071 eternis
726 1002 917 1099 nominibus,
940 1021 1023 1085 quae
1044 1003 1233 1087 legebantur
1253 1005 1421 1072 consulum

275 1105 390 1172 aetatis
411 1105 604 1191 posterioris,
627 1105 760 1190 singulis
782 1103 903 1171 additis
931 1103 1172 1185 cognominibus
1194 1106 1424 1191 suppleuerunt

274 1205 337 1274 duo
359 1206 421 1274 uiri
443 1205 539 1291 docti,
561 1227 619 1276 suo
639 1213 772 1289 uterque
788 1206 947 1275 coniciens
961 1207 1074 1274 Marte.
1106 1206 1178 1286 Qua
1199 1206 1323 1276 ratione
1337 1206 1422 1275 duae

275 1315 364 1377 ortae
385 1313 459 1375 sunt
479 1308 633 1377 fastorum
652 1309 861 1393 recensiones,
883 1326 1017 1392 quarum
1031 1310 1166 1377 alteram
1181 1308 1334 1377 exhibent
1346 1309 1420 1376 Ida-

273 1411 337 1478 tius
359 1417 391 1479 et
411 1411 590 1480 Chronicon
611 1411 784 1494 Pasebale,
813 1431 852 1478 ac
879 1415 985 1478 certae
1005 1411 1090 1477 Liuii
1112 1410 1323 1497 Dionysiique
1344 1432 1418 1497 ope·

274 1538 344 1585 rum
365 1522 487 1602 partes;
512 1521 544 1583 et
565 1515 658 1581 buius
681 1514 810 1597 quidem
824 1520 934 1582 auctor
954 1514 1115 1599 putandus
1136 1520 1186 1582 est
1199 1514 1340 1583 Licinius
1353 1515 1422 1582 lla·

274 1639 336 1688 cer.
372 1617 512 1685 Alterius
540 1617 733 1685 recensionis
760 1616 950 1701 particulam
978 1616 1133 1686 babemus
1163 1616 1234 1702 (per
1255 1616 1423 1685 Castorem
1533 1694 1534 1697 Ἴ

274 1718 523 1807 suppeditatum)
549 1720 583 1785 iu
604 1717 738 1786 Diodori
759 1719 851 1785 fastis
872 1717 1052 1801 ubicunque
1074 1720 1250 1787 referuntur
1273 1721 1425 1787 eonsules
1532 1720 1534 1811 j

273 1821 513 1908 cognominibus
533 1821 713 1907 adsumptis.
756 1821 807 1886 lix
827 1828 961 1903 utraque
983 1821 1111 1888 tertiam
1133 1820 1239 1888 effecit
1264 1821 1423 1890 recensio·
1532 1840 1534 1893 ι

273 1942 346 1990 nem
361 1924 476 1990 aetatis
491 1921 716 1989 Ciceronianae
731 1922 826 1988 bomo
841 1921 962 2006 doctus,
978 1942 1072 2006 quem
1087 1940 1158 1989 esse
1171 1922 1325 2007 Atticum,
1344 1922 1424 1989 libri
1532 1958 1534 1975 2

273 2025 398 2092 annalis
412 2028 583 2108 auctorem,
605 2025 713 2092 multis
730 2023 855 2091 indiciis
870 2024 1021 2107 proditur.
1055 2024 1137 2090 Eum
1152 2043 1223 2091 esse
1243 2025 1366 2092 iontem
1387 2029 1425 2091 et

273 2129 427 2193 fastorum
442 2126 693 2212 Capitolinorum
714 2132 746 2193 et
768 2125 1008 2211 chronographi
1029 2125 1104 2193 anni
1126 2130 1188 2192 354
1209 2127 1424 2211 probabiliter

272 2229 438 2312 statuitur,
466 2227 512 2294 ita
533 2233 568 2294 ut
589 2228 771 2311 capitolina
797 2227 940 2296 recensio
965 2227 1142 2312 composita
1166 2228 1208 2294 sit
1229 2248 1272 2296 ex
1293 2228 1421 2297 duobus

271 2330 431 2415 prioribus
451 2330 606 2398 fastorum
627 2330 793 2416 exemplis.

356 2429 490 2516 Quodsi,
517 2449 599 2514 quae
625 2431 762 2515 legimus
791 2433 954 2500 maselum
983 2429 1274 2513 antiquissimorum
1303 2451 1418 2517 cogno·

272 2534 367 2618 mina,
390 2554 454 2601 non
475 2534 538 2600 nisi
559 2532 747 2603 coniecturis
768 2531 926 2602 debentur
951 2533 1211 2618 antiquariorum,
1234 2534 1289 2616 qui
1310 2533 1421 2605 infima

272 2636 394 2704 liberae
415 2634 612 2721 reipublicae
640 2641 747 2703 aetate
767 2635 903 2718 fuerunt,
930 2635 1017 2702 omni
1044 2654 1085 2703 ea
1105 2654 1214 2704 carere
1234 2634 1298 2703 fide
1318 2657 1418 2722 appa·

271 2743 337 2820 ret;
360 2743 457 2819 atque
478 2735 555 2803 inde
576 2737 642 2809 ianr
663 2736 807 2820 sequitur
821 2757 947 2805 omnem
961 2737 1077 2803 aetatis
1098 2737 1338 2819 antiquissimae
1352 2739 1418 2805 me·

272 2839 417 2921 moriam,
439 2837 573 2922 petitam
590 2844 623 2905 et
637 2845 780 2905 coactam
795 2857 836 2905 ex
851 2839 1100 2923 cognominibus,
1122 2839 1240 2906 nullius
1260 2859 1331 2908 esse
1345 2860 1419 2907 auc·

271 2939 425 3024 totitatis,
453 2937 513 3006 sed
539 2959 612 3006 sera
633 2940 814 3007 coniectura
842 2939 998 3008 effectam.
1042 2943 1156 3026 Neque
1177 2941 1348 3008 tribuenda
1370 2947 1422 3009 est

270 3040 351 3109 fides
372 3041 435 3108 nisi
456 3042 540 3109 binis
562 3040 719 3127 prioribus
749 3041 939 3127 nominibus,
963 3043 1125 3127 gentilicio
1146 3062 1185 3109 ac
1206 3044 1417 3126 praenomini.

272 3141 326 3211 Sic
346 3144 500 3228 neglectis
522 3143 763 3228 cognominibus
791 3145 870 3212 satis
898 3146 1018 3212 multae
1040 3145 1243 3213 resoluuntur
1264 3152 1296 3213 et
1317 3146 1420 3231 expli·

272 3250 384 3312 cantur
404 3246 648 3328 controuersiae,
670 3245 746 3315 inde
759 3253 865 3330 natae,
888 3247 974 3331 quod
988 3245 1074 3314 idem
1088 3246 1207 3314 factum
1229 3246 1263 3313 in
1285 3246 1422 3315 diuersis

270 3479 392 3535 Atticum
414 3492 512 3534 nomen
529 3494 622 3534 eorum
639 3478 747 3535 uidetur
769 3479 854 3535 fuisse
870 3479 1003 3549 scriptum
1018 3479 1112 3535 addita
1127 3484 1208 3535 nom:
1231 3476 1319 3538 ‘solus
1335 3481 1420 3550 magi·

269 3568 384 3620 stretum
394 3555 494 3633 gessit',
512 3569 544 3620 ut
553 3565 665 3634 legimus
676 3566 704 3620 in
715 3565 794 3621 fastis
804 3564 961 3636 Capitolinis
972 3564 1009 3621 ed
1020 3580 1121 3621 annum
1133 3569 1198 3635 6703
1214 3565 1287 3623 idem
1303 3567 1423 3637 appa-et

269 3649 342 3718 apud
356 3648 597 3722 Chronogrepbum
613 3651 691 3707 annis
706 3654 755 3706 379
773 3649 900 3717 (Baccho
910 3642 988 3715 solo')
1006 3657 1033 3707 et
1047 3654 1096 3705 702
1110 3650 1232 3719 q‘Mngno
1243 3651 1286 3706 111
1296 3646 1374 3719 solo')
1389 3655 1423 3707 et

270 3734 363 3788 ecdem
373 3736 478 3791 ratione
490 3741 586 3806 postea
596 3750 703 3806 quoque
714 3751 786 3793 anno
799 3739 848 3790 708
862 3729 992 3792 ‘Cessare
1002 3735 1057 3791 1111
1073 3740 1102 3791 et
1113 3735 1171 3792 solo
1183 3729 1233 3805 (it'3
1251 3735 1316 3792 lasti
1326 3739 1426 3792 antem

270 3816 414 3886 Capitolini
429 3820 459 3875 in
475 3819 545 3888 illis,
563 3836 632 3891 quae
648 3837 705 3877 non
721 3821 775 3876 iam
792 3820 827 3875 ad
843 3822 966 3876 cundem
983 3820 1071 3877 redire
1087 3820 1158 3889 dixi,
1182 3836 1254 3877 anno
1273 3825 1322 3875 709
1339 3820 1425 3879 aliter

268 3908 351 3973 atque
361 3903 390 3958 in
400 3905 490 3974 priore
504 3910 583 3976 parte
593 3906 696 3963 habent
708 3904 751 3962 Ὃ.
761 3906 847 3963 Iulius
859 3906 889 3962 c.
899 3906 919 3963 l
930 3907 959 3963 0.
969 3924 995 3962 n
1007 3906 1107 3962 caeses
1118 3906 1172 3961 IIII
1186 3905 1244 3963 sine
1256 3921 1271 3961 c
1284 3898 1427 3975 (onlegal’,

268 3989 308 4044 itu
325 3993 356 4043 ut
372 3993 437 4058 post
453 4004 553 4046 annum
571 3996 620 4047 τοῦ
638 4006 725 4062 neque
741 3992 792 4047 iam
815 3992 896 4061 plane
913 3992 1085 4049 consentiant
1108 3992 1179 4048 inter
1200 4007 1230 4047 se
1248 3990 1427 4060 chronogra-

267 4073 339 4145 pbus
357 4077 386 4131 et
402 4072 468 4130 iacti
481 4074 635 4147 Capitolini,
652 4091 739 4147 neque
751 4076 827 4146 prior
843 4076 1032 4148 posteriorque
1048 4077 1173 4134 laterculi
1185 4075 1331 4147 Capitolini
1343 4091 1426 4147 pars.

1347 4640 1528 4868 u
