3108 4902
411 343 454 399 De
470 343 548 398 iasds
566 342 751 399 consularibus
768 342 967 411 antiquissimis.
1202 340 1261 400 247

123 523 222 583 autea
248 514 398 582 adhibitis
418 515 571 583 fastorum
593 514 844 597 recensionibus,
867 514 1044 598 quibusque
1066 514 1186 599 priores
1209 533 1264 580 eas

123 624 284 703 superant.
328 619 375 684 Ac
396 617 558 700 superiore
580 615 708 701 quidem
731 622 873 700 tempore
895 615 982 683 haud
1005 614 1100 683 dubie
1120 617 1262 684 innotue-

123 727 197 787 runt
216 719 290 786 fasti
311 719 503 802 consulares,
524 720 599 787 fasti
620 718 753 786 censmii
775 718 910 802 aliique,
935 737 1038 800 neque
1060 724 1165 784 tamen
1188 722 1263 784 ante

125 822 335 906 Capitolinam
357 821 571 888 recensionem
592 822 699 887 uarios
720 821 792 887 illos
815 821 1028 906 magistratus,
1051 825 1192 905 tempore
1206 819 1262 886 mi-

124 924 210 990 nime
230 923 312 990 inter
333 942 368 989 se
390 923 632 1007 consentientes,
654 922 687 989 in
703 943 801 989 11111
816 942 887 991 esse
901 922 1048 989 redactos
1063 941 1177 1005 corpus
1191 943 1263 989 con-

125 1026 214 1092 tinua
227 1045 381 1092 annorum
395 1025 488 1107 serie,
507 1031 628 1092 certum
643 1030 749 1092 exstat
761 1025 922 1092 indicium.
954 1026 1038 1090 Nam
1053 1023 1139 1108 apud
1154 1044 1264 1090 omnes

123 1134 270 1194 auctores
292 1126 485 1208 antiquiores
500 1163 541 1173 —
556 1127 683 1194 Liuium
705 1145 832 1209 quoque
849 1125 921 1194 dico
937 1133 970 1193 et
983 1126 1175 1212 Dionysium
1189 1127 1264 1194 Dio-

124 1228 318 1313 dorumque,
347 1229 463 1315 quippe
491 1230 546 1312 qui
570 1230 727 1313 integram
755 1229 821 1296 fere
847 1229 1010 1296 annalium
1039 1226 1175 1296 reddant
1201 1249 1265 1295 me·
1321 1291 1327 1303 ,

123 1332 258 1399 moriam
279 1366 321 1377 —
348 1332 503 1398 constanti
531 1330 642 1398 ordine
670 1332 730 1398 soli
759 1333 905 1399 consules
932 1337 1167 1413 enumerantur,
1195 1351 1267 1397 cum

123 1454 282 1516 censores,
304 1431 484 1514 dictatores,
505 1432 647 1515 magistri
665 1433 805 1515 equitum
819 1454 883 1500 nou
898 1441 1074 1518 appareant
1093 1433 1156 1500 nisi
1175 1454 1265 1518 prae·

78 1618 80 1623 .
124 1536 212 1603 clare
235 1534 313 1616 quid
333 1535 441 1601 abeis
462 1540 587 1616 gestum
608 1542 762 1601 narratur.
792 1535 910 1602 Contra
930 1536 1024 1618 primi
1045 1536 1119 1602 fasti
1140 1535 1266 1620 Capito·

62 1686 66 1689 -
124 1637 184 1703 lini
211 1655 250 1702 ea
271 1637 393 1702 ratione
415 1637 619 1720 magistratus
639 1634 837 1703 ordinauisse
859 1637 1020 1720 uidentur,
1044 1642 1081 1702 ut
1103 1639 1267 1705 consulum

123 1737 225 1806 indici
240 1738 419 1820 dictatores,
441 1738 609 1822 magistros
629 1738 780 1822 equitum,
802 1758 948 1807 censores
962 1740 1148 1820 intexerent,
1171 1746 1268 1822 atque

124 1859 274 1907 censores
296 1838 433 1923 quidem,
456 1859 588 1921 quorum
611 1841 815 1924 magistratus
836 1840 879 1906 ad
901 1842 993 1908 binos
1016 1860 1116 1908 annos
1130 1842 1267 1925 pertiue-

125 1945 193 2026 bat,
216 1942 262 2009 cis
284 1943 385 2024 annis,
407 1942 521 2025 quibus
541 1943 657 2010 iubent
678 1943 890 2025 magistratus.

211 2043 336 2111 Deinde
365 2045 464 2111 multo
489 2044 633 2128 pleniora
653 2043 849 2128 singulorum
871 2044 1033 2112 hominum
1055 2043 1184 2111 nomina
1204 2043 1271 2128 legi

125 2147 162 2212 in
186 2147 373 2231 Capitolinis
394 2146 487 2213 fastis
514 2165 609 2228 quam
631 2147 663 2212 in
686 2148 815 2232 ceteris,
837 2147 919 2215 binis
941 2148 993 2216 uel
1022 2147 1119 2215 ternis
1151 2144 1270 2213 additis

125 2249 377 2331 cognominibus,
400 2249 465 2314 iam
487 2249 664 2316 accuratius
686 2251 828 2335 exposui.

214 2352 367 2432 Alterum,
391 2349 477 2431 quod
489 2369 607 2416 nouum
625 2357 721 2432 atque
736 2353 879 2435 ignotum
894 2352 1125 2433 antiquioribus
1141 2351 1272 2418 exhibet

124 2452 330 2537 Capitolinus
352 2451 532 2533 laterculus,
554 2458 650 2517 notae
672 2458 746 2517 sunt
766 2453 1002 2535 genealogicae,
1025 2459 1132 2537 patres
1147 2459 1179 2519 et
1193 2471 1271 2519 auos

125 2553 370 2637 magistratuum
398 2552 606 2618 enuntiantes.
651 2554 700 2617 Ex
730 2552 845 2635 quibus
872 2573 955 2635 quae
984 2554 1027 2619 ad
1052 2552 1273 2634 antiquissima

126 2662 275 2740 tempora
296 2652 462 2738 pertinent,
485 2673 540 2720 eas
562 2652 648 2720 docti
669 2654 803 2720 alicuius
817 2653 878 2720 uiri
893 2653 1003 2721 deberi
1018 2653 1141 2740 studiis,
1164 2653 1272 2736 quinto

126 2757 210 2823 mihi
231 2755 341 2822 uideor
363 2756 587 2839 comprobasse
609 2755 723 2841 capite.
766 2756 879 2837 Neque
905 2755 988 2822 enim
1009 2755 1116 2822 studia
1138 2776 1178 2821 ea
1198 2763 1274 2822 ante

124 2857 291 2926 Ciceronis
319 2863 457 2924 aetatem
479 2858 599 2926 Romae
626 2859 818 2925 colebantur.
862 2859 937 2924 Pari
966 2857 1061 2924 modo
1089 2879 1147 2939 eae
1168 2865 1274 2941 notae,

125 2961 247 3043 quibus
269 2960 457 3044 cognomina
477 2960 630 3026 nonnulla
643 2961 676 3025 in
690 2960 781 3025 fastu
804 2958 991 3043 Capitolinis
1006 2961 1204 3044 explicantur
1219 2965 1275 3026 aut

126 3062 356 3145 significantur,
371 3067 406 3127 ut
417 3055 487 3142 ‘qui
500 3062 535 3127 in
550 3061 611 3126 hoo
624 3062 744 3127 honore
754 3062 866 3127 Venox
880 3061 980 3145 (442),
996 3062 1156 3129 Censorin.
1173 3059 1274 3146 (489),

129 3163 282 3229 Messalla
303 3161 394 3245 (491)
416 3161 597 3246 appellatus
620 3152 681 3228 est’
711 3165 742 3228 et
760 3155 829 3246 ‘qui
850 3167 963 3248 postea
986 3163 1174 3230 Censorinus
1197 3162 1274 3246 (444

128 3261 262 3344 eraso),
288 3264 425 3329 African.
449 3261 550 3348 (549),
576 3263 735 3330 Asiaticus
746 3262 847 3347 (564),
874 3264 1034 3331 Callaicus
1057 3264 1158 3348 (615),
1183 3266 1276 3331 Felix

113 3362 232 3447 ’(666)
257 3363 415 3430 Isauricus
429 3363 521 3448 (675)
535 3365 714 3450 appellatus
730 3356 803 3447 est',
824 3386 845 3432 a
866 3365 959 3434 docto
983 3366 1121 3432 litterato
1144 3365 1275 3433 additae

127 3484 204 3533 esse
225 3465 459 3549 intelleguntur.
466 3466 491 3549 1)

220 3566 363 3632 Tertium
376 3564 492 3637 deiude
504 3567 588 3654 quod
599 3569 762 3655 proprium
773 3570 814 3636 sit
824 3569 1012 3654 Capitolinis
1023 3569 1113 3635 fastis
1124 3567 1195 3637 dico
1206 3571 1275 3637 bre

130 3669 216 3735 uiter
238 3666 415 3752 adscriptas
434 3668 623 3750 quibusdam
637 3671 730 3737 annis
743 3691 804 3754 res,
825 3671 914 3738 bella
927 3670 1135 3756 potissimum,
1157 3671 1278 3739 scilicet

132 3774 196 3835 489
206 3767 340 3838 ‘bellum
346 3770 499 3837 Punicum
510 3764 666 3856 primum',
679 3776 740 3838 528
748 3767 882 3841 ‘bellum
894 3773 1053 3841 Gallicum
1060 3767 1276 3860 Cisalpinum',

102 3912 105 3923 ’
222 3924 247 3988 1)
263 3920 335 3976 Illud
352 3921 555 3990 quoqueqquod
571 3921 668 3990 legitur
684 3922 714 3976 iu
730 3922 807 3977 fastis
819 3922 979 3992 Capitolinis
996 3938 1066 3979 anno
1085 3928 1134 3980 575
1148 3920 1204 3980 ‘hei
1220 3925 1276 3979 ira-

131 4011 191 4059 tres
203 4007 321 4073 germani
332 3999 455 4061 fuerunt'
473 4006 578 4062 auctori
588 4007 688 4074 tribuo,
706 4009 751 4078 qui
761 4008 879 4078 gentium
891 4009 1020 4064 nobilium
1031 4024 1075 4065 res
1092 4011 1277 4079 genealogicus

131 4091 366 4161 perscrutabatur,
383 4107 471 4162 neque
486 4093 515 4148 in
532 4092 609 4150 fastis
626 4094 761 4164 primariis
777 4094 914 4151 exstitisse
931 4095 1056 4151 arbitron
