<?xml version="1.0" encoding="UTF-8"?>
<!DOCTYPE html PUBLIC "-//W3C//DTD XHTML 1.0 Transitional//EN"
    "http://www.w3.org/TR/xhtml1/DTD/xhtml1-transitional.dtd">
<html xmlns="http://www.w3.org/1999/xhtml" xml:lang="en" lang="en">
 <head>
  <title>
</title>
<meta http-equiv="Content-Type" content="text/html;charset=utf-8" />
  <meta name='ocr-system' content='tesseract 3.04.00' />
  <meta name='ocr-capabilities' content='ocr_page ocr_carea ocr_par ocr_line ocrx_word'/>
</head>
<body>
  <div class='ocr_page' id='page_1' title='image "./defastisconsula00cichgoog_0078.png"; bbox 0 0 3108 4902; ppageno 0'>
   <div class='ocr_carea' id='block_1_1' title="bbox 410 295 1263 365">
    <p class='ocr_par' dir='ltr' id='par_1_1' title="bbox 410 295 1263 365">
     <span class='ocr_line' id='line_1_1' title="bbox 410 295 1263 365; baseline 0.007 -15"><span class='ocrx_word' id='word_1_1' title='bbox 410 295 452 354; x_wconf 89' lang='lat' dir='ltr'><strong>De</strong></span> <span class='ocrx_word' id='word_1_2' title='bbox 468 297 547 354; x_wconf 81' lang='lat' dir='ltr'><strong>lastis</strong></span> <span class='ocrx_word' id='word_1_3' title='bbox 564 295 751 352; x_wconf 80' lang='lat' dir='ltr'><strong>consularibus</strong></span> <span class='ocrx_word' id='word_1_4' title='bbox 769 296 969 365; x_wconf 76' lang='lat' dir='ltr'><strong>mnqmssmis.</strong></span> <span class='ocrx_word' id='word_1_5' title='bbox 1199 297 1263 358; x_wconf 83' lang='lat'><strong>239</strong></span> 
     </span>
    </p>
   </div>
   <div class='ocr_carea' id='block_1_2' title="bbox 121 468 1267 774">
    <p class='ocr_par' dir='ltr' id='par_1_2' title="bbox 121 468 1267 774">
     <span class='ocr_line' id='line_1_2' title="bbox 121 468 1261 555; baseline 0.001 -18"><span class='ocrx_word' id='word_1_6' title='bbox 121 473 204 537; x_wconf 79' lang='lat' dir='ltr'><strong>Tum</strong></span> <span class='ocrx_word' id='word_1_7' title='bbox 226 470 355 536; x_wconf 73' lang='lat' dir='ltr'><strong>altanus</strong></span> <span class='ocrx_word' id='word_1_8' title='bbox 375 468 587 537; x_wconf 84' lang='lat' dir='ltr'><strong>Seruiliorum</strong></span> <span class='ocrx_word' id='word_1_9' title='bbox 608 470 716 555; x_wconf 78' lang='lat' dir='ltr'>stirpis</span> <span class='ocrx_word' id='word_1_10' title='bbox 738 470 824 536; x_wconf 88' lang='lat' dir='ltr'><strong>idem</strong></span> <span class='ocrx_word' id='word_1_11' title='bbox 846 472 896 536; x_wconf 90' lang='lat' dir='ltr'><strong>uir</strong></span> <span class='ocrx_word' id='word_1_12' title='bbox 917 469 1119 539; x_wconf 84' lang='lat' dir='ltr'><strong>doctissimus</strong></span> <span class='ocrx_word' id='word_1_13' title='bbox 1142 472 1175 536; x_wconf 91' lang='lat' dir='ltr'><strong>in</strong></span> <span class='ocrx_word' id='word_1_14' title='bbox 1197 470 1261 538; x_wconf 84' lang='lat' dir='ltr'><strong>dis-</strong></span> 
     </span>
     <span class='ocr_line' id='line_1_3' title="bbox 121 570 1267 658; baseline -0.003 -18"><span class='ocrx_word' id='word_1_15' title='bbox 121 572 292 640; x_wconf 85' lang='lat' dir='ltr'><strong>sertatione</strong></span> <span class='ocrx_word' id='word_1_16' title='bbox 306 571 357 637; x_wconf 89' lang='lat' dir='ltr'><strong>Dc</strong></span> <span class='ocrx_word' id='word_1_17' title='bbox 378 572 483 655; x_wconf 90' lang='lat' dir='ltr'><strong>gentis</strong></span> <span class='ocrx_word' id='word_1_18' title='bbox 498 570 667 650; x_wconf 78' lang='lat' dir='ltr'><strong>Quinctiae</strong></span> <span class='ocrx_word' id='word_1_19' title='bbox 688 592 801 640; x_wconf 73' lang='lat' dir='ltr'><strong>comm,</strong></span> <span class='ocrx_word' id='word_1_20' title='bbox 820 571 952 640; x_wconf 88' lang='lat' dir='ltr'><strong>domest.</strong></span> <span class='ocrx_word' id='word_1_21' title='bbox 975 573 1053 650; x_wconf 76' lang='lat' dir='ltr'><strong>(Kil.</strong></span> <span class='ocrx_word' id='word_1_22' title='bbox 1070 576 1150 638; x_wconf 85' lang='grc'><strong>1876</strong></span> <span class='ocrx_word' id='word_1_23' title='bbox 1164 595 1194 658; x_wconf 88' lang='lat' dir='ltr'><strong>p.</strong></span> <span class='ocrx_word' id='word_1_24' title='bbox 1212 575 1267 651; x_wconf 73' lang='lat'><strong>16&gt;</strong></span> 
     </span>
     <span class='ocr_line' id='line_1_4' title="bbox 121 671 482 774; baseline 0 -35"><span class='ocrx_word' id='word_1_25' title='bbox 121 673 229 741; x_wconf 87' lang='lat' dir='ltr'><strong>effecit</strong></span> <span class='ocrx_word' id='word_1_26' title='bbox 248 671 311 739; x_wconf 92' lang='lat' dir='ltr'><strong>hoc</strong></span> <span class='ocrx_word' id='word_1_27' title='bbox 331 680 482 774; x_wconf 34' lang='lat' dir='ltr'><strong>stem-ma:</strong></span> 
     </span>
    </p>
   </div>
   <div class='ocr_carea' id='block_1_3' title="bbox 151 805 1263 1012">
    <p class='ocr_par' dir='ltr' id='par_1_3' title="bbox 151 805 1263 1012">
     <span class='ocr_line' id='line_1_5' title="bbox 153 805 1263 879; baseline -0.001 -17"><span class='ocrx_word' id='word_1_28' title='bbox 153 807 183 862; x_wconf 79' lang='lat' dir='ltr'><strong>(l.</strong></span> <span class='ocrx_word' id='word_1_29' title='bbox 202 807 330 862; x_wconf 86' lang='lat' dir='ltr'><strong>Seruilius</strong></span> <span class='ocrx_word' id='word_1_30' title='bbox 349 806 474 861; x_wconf 83' lang='lat' dir='ltr'><strong>Structus</strong></span> <span class='ocrx_word' id='word_1_31' title='bbox 483 806 573 861; x_wconf 82' lang='lat' dir='ltr'><strong>Ahala</strong></span> <span class='ocrx_word' id='word_1_32' title='bbox 589 808 639 874; x_wconf 78' lang='lat' dir='ltr'><strong>(ita</strong></span> <span class='ocrx_word' id='word_1_33' title='bbox 651 805 716 879; x_wconf 84' lang='lat' dir='ltr'><strong>Cap.</strong></span> <span class='ocrx_word' id='word_1_34' title='bbox 730 806 854 862; x_wconf 86' lang='lat' dir='ltr'><strong>Structus</strong></span> <span class='ocrx_word' id='word_1_35' title='bbox 865 806 962 863; x_wconf 76' lang='lat' dir='ltr'><strong>coroa.</strong></span> <span class='ocrx_word' id='word_1_36' title='bbox 973 805 1117 873; x_wconf 59' lang='lat' dir='ltr'><strong>orbicul)</strong></span> <span class='ocrx_word' id='word_1_37' title='bbox 1134 822 1189 862; x_wconf 89' lang='lat' dir='ltr'><strong>cos.</strong></span> <span class='ocrx_word' id='word_1_38' title='bbox 1204 812 1263 862; x_wconf 75' lang='lat'>276.</span> 
     </span>
     <span class='ocr_line' id='line_1_6' title="bbox 151 875 1113 1012; baseline -0.004 -14"><span class='ocrx_word' id='word_1_39' title='bbox 151 944 182 1012; x_wconf 91' lang='lat' dir='ltr'><strong>Q.</strong></span> <span class='ocrx_word' id='word_1_40' title='bbox 201 943 331 999; x_wconf 84' lang='lat' dir='ltr'><strong>Seruilius</strong></span> <span class='ocrx_word' id='word_1_41' title='bbox 349 875 484 1009; x_wconf 66' lang='lat' dir='ltr'><strong>[Strucltus</strong></span> <span class='ocrx_word' id='word_1_42' title='bbox 502 942 582 998; x_wconf 80' lang='lat' dir='ltr'><strong>Dtod.</strong></span> <span class='ocrx_word' id='word_1_43' title='bbox 601 942 710 998; x_wconf 81' lang='lat' dir='ltr'><strong>Priscus</strong></span> <span class='ocrx_word' id='word_1_44' title='bbox 729 941 827 998; x_wconf 83' lang='lat' dir='ltr'><strong>Obroa.</strong></span> <span class='ocrx_word' id='word_1_45' title='bbox 841 941 883 996; x_wconf 79' lang='lat' dir='ltr'><strong>ia.</strong></span> <span class='ocrx_word' id='word_1_46' title='bbox 902 941 1001 998; x_wconf 81' lang='lat' dir='ltr'><strong>Pascb.</strong></span> <span class='ocrx_word' id='word_1_47' title='bbox 1020 939 1113 1006; x_wconf 80' lang='lat' dir='ltr'><strong>Dr&#39;oa.)</strong></span> 
     </span>
    </p>
   </div>
   <div class='ocr_carea' id='block_1_4' title="bbox 118 1152 1162 1356">
    <p class='ocr_par' dir='ltr' id='par_1_4' title="bbox 118 1152 1162 1356">
     <span class='ocr_line' id='line_1_7' title="bbox 119 1152 1147 1220; baseline -0.001 -9"><span class='ocrx_word' id='word_1_48' title='bbox 119 1155 147 1211; x_wconf 81' lang='lat' dir='ltr'><strong>(l.</strong></span> <span class='ocrx_word' id='word_1_49' title='bbox 157 1154 289 1210; x_wconf 85' lang='lat' dir='ltr'><strong>Seruilius</strong></span> <span class='ocrx_word' id='word_1_50' title='bbox 307 1152 339 1220; x_wconf 89' lang='lat' dir='ltr'><strong>Q.</strong></span> <span class='ocrx_word' id='word_1_51' title='bbox 348 1152 367 1205; x_wconf 88' lang='lat' dir='ltr'><strong>f.</strong></span> <span class='ocrx_word' id='word_1_52' title='bbox 378 1152 408 1209; x_wconf 81' lang='lat' dir='ltr'><strong>O.</strong></span> <span class='ocrx_word' id='word_1_53' title='bbox 419 1170 445 1207; x_wconf 94' lang='lat' dir='ltr'><strong>n.</strong></span> <span class='ocrx_word' id='word_1_54' title='bbox 463 1154 553 1209; x_wconf 81' lang='lat' dir='ltr'><strong>Axilla</strong></span> <span class='ocrx_word' id='word_1_55' title='bbox 654 1153 685 1207; x_wconf 91' lang='lat' dir='ltr'><strong>P.</strong></span> <span class='ocrx_word' id='word_1_56' title='bbox 695 1153 824 1209; x_wconf 83' lang='lat' dir='ltr'><strong>Semilins</strong></span> <span class='ocrx_word' id='word_1_57' title='bbox 833 1155 851 1220; x_wconf 75' lang='lat'><strong>²)</strong></span> <span class='ocrx_word' id='word_1_58' title='bbox 864 1159 929 1218; x_wconf 90' lang='lat' dir='ltr'><strong>[cos.</strong></span> <span class='ocrx_word' id='word_1_59' title='bbox 939 1154 1009 1208; x_wconf 76' lang='lat'><strong>327?</strong></span> <span class='ocrx_word' id='word_1_60' title='bbox 1021 1154 1147 1210; x_wconf 81' lang='lat' dir='ltr'><strong>Stmctus</strong></span> 
     </span>
     <span class='ocr_line' id='line_1_8' title="bbox 119 1219 1162 1294; baseline -0.001 -16"><span class='ocrx_word' id='word_1_61' title='bbox 119 1223 196 1294; x_wconf 82' lang='lat' dir='ltr'><strong>thp.</strong></span> <span class='ocrx_word' id='word_1_62' title='bbox 216 1224 342 1277; x_wconf 74' lang='lat' dir='ltr'><strong>structus</strong></span> <span class='ocrx_word' id='word_1_63' title='bbox 361 1219 459 1276; x_wconf 83' lang='lat' dir='ltr'><strong>Obron.</strong></span> <span class='ocrx_word' id='word_1_64' title='bbox 477 1221 539 1276; x_wconf 74' lang='lat' dir='ltr'><strong>nia.</strong></span> <span class='ocrx_word' id='word_1_65' title='bbox 656 1222 752 1278; x_wconf 81' lang='lat' dir='ltr'><strong>Cbroa.</strong></span> <span class='ocrx_word' id='word_1_66' title='bbox 771 1221 871 1277; x_wconf 75' lang='lat' dir='ltr'><strong>Dicat?</strong></span> <span class='ocrx_word' id='word_1_67' title='bbox 896 1221 985 1276; x_wconf 80' lang='lat' dir='ltr'><strong>Ahala</strong></span> <span class='ocrx_word' id='word_1_68' title='bbox 1002 1221 1044 1276; x_wconf 85' lang='lat' dir='ltr'><strong>Id.</strong></span> <span class='ocrx_word' id='word_1_69' title='bbox 1062 1221 1162 1277; x_wconf 83' lang='lat' dir='ltr'><strong>Pascb.</strong></span> 
     </span>
     <span class='ocr_line' id='line_1_9' title="bbox 118 1288 747 1356; baseline -0.005 -10"><span class='ocrx_word' id='word_1_70' title='bbox 118 1288 553 1356; x_wconf 78' lang='lat' dir='ltr'><strong>PrIseifiliusLiu.)trib.mil335</strong></span> <span class='ocrx_word' id='word_1_71' title='bbox 656 1289 747 1356; x_wconf 71' lang='lat' dir='ltr'><strong>Liar]</strong></span> 
     </span>
    </p>
   </div>
   <div class='ocr_carea' id='block_1_5' title="bbox 255 1360 730 1493">
    <p class='ocr_par' dir='ltr' id='par_1_5' title="bbox 255 1360 730 1493">
     <span class='ocr_line' id='line_1_10' title="bbox 255 1360 730 1493; baseline -0.002 0"><span class='ocrx_word' id='word_1_72' title='bbox 255 1360 730 1493; x_wconf 43' lang='lat' dir='ltr'><strong>Ns</strong></span> 
     </span>
    </p>
   </div>
   <div class='ocr_carea' id='block_1_6' title="bbox 112 1497 1268 3363">
    <p class='ocr_par' dir='ltr' id='par_1_6' title="bbox 154 1497 1265 1708">
     <span class='ocr_line' id='line_1_11' title="bbox 154 1497 1265 1570; baseline -0.001 -13"><span class='ocrx_word' id='word_1_73' title='bbox 154 1502 184 1558; x_wconf 82' lang='lat' dir='ltr'><strong>G.</strong></span> <span class='ocrx_word' id='word_1_74' title='bbox 203 1501 333 1556; x_wconf 87' lang='lat' dir='ltr'><strong>Seruilius</strong></span> <span class='ocrx_word' id='word_1_75' title='bbox 354 1498 385 1553; x_wconf 87' lang='lat' dir='ltr'><strong>P.</strong></span> <span class='ocrx_word' id='word_1_76' title='bbox 403 1498 424 1554; x_wconf 85' lang='lat' dir='ltr'><strong>l.</strong></span> <span class='ocrx_word' id='word_1_77' title='bbox 443 1499 473 1567; x_wconf 89' lang='lat' dir='ltr'><strong>Q.</strong></span> <span class='ocrx_word' id='word_1_78' title='bbox 493 1515 520 1553; x_wconf 90' lang='lat' dir='ltr'><strong>n.</strong></span> <span class='ocrx_word' id='word_1_79' title='bbox 547 1497 636 1552; x_wconf 78' lang='lat' dir='ltr'><strong>Ahala</strong></span> <span class='ocrx_word' id='word_1_80' title='bbox 656 1497 734 1570; x_wconf 82' lang='lat' dir='ltr'><strong>(Cap.</strong></span> <span class='ocrx_word' id='word_1_81' title='bbox 752 1499 814 1556; x_wconf 67' lang='lat' dir='ltr'><strong>Lau.</strong></span> <span class='ocrx_word' id='word_1_82' title='bbox 838 1501 964 1556; x_wconf 84' lang='lat' dir='ltr'><strong>Structus</strong></span> <span class='ocrx_word' id='word_1_83' title='bbox 988 1500 1099 1567; x_wconf 73' lang='lat' dir='ltr'><strong>Claros.)</strong></span> <span class='ocrx_word' id='word_1_84' title='bbox 1124 1503 1185 1558; x_wconf 83' lang='lat' dir='ltr'><strong>trib.</strong></span> <span class='ocrx_word' id='word_1_85' title='bbox 1210 1503 1265 1557; x_wconf 89' lang='lat' dir='ltr'><strong>mil.</strong></span> 
     </span>
     <span class='ocr_line' id='line_1_12' title="bbox 154 1569 1211 1708; baseline -0.001 -16"><span class='ocrx_word' id='word_1_86' title='bbox 154 1637 201 1706; x_wconf 85' lang='lat' dir='ltr'><strong>Sp.</strong></span> <span class='ocrx_word' id='word_1_87' title='bbox 220 1636 349 1691; x_wconf 86' lang='lat' dir='ltr'><strong>Seruilius</strong></span> <span class='ocrx_word' id='word_1_88' title='bbox 367 1636 395 1690; x_wconf 80' lang='grc' dir='ltr'><strong>Ο.</strong></span> <span class='ocrx_word' id='word_1_89' title='bbox 413 1569 481 1690; x_wconf 60' lang='lat' dir='ltr'><strong>I&#39;O.</strong></span> <span class='ocrx_word' id='word_1_90' title='bbox 499 1651 526 1690; x_wconf 92' lang='lat' dir='ltr'><strong>n.</strong></span> <span class='ocrx_word' id='word_1_91' title='bbox 544 1619 669 1689; x_wconf 85' lang='lat' dir='ltr'><strong>Structus</strong></span> <span class='ocrx_word' id='word_1_92' title='bbox 687 1633 762 1708; x_wconf 80' lang='lat' dir='ltr'><strong>[Cap.</strong></span> <span class='ocrx_word' id='word_1_93' title='bbox 781 1635 890 1700; x_wconf 75' lang='lat' dir='ltr'><strong>Circa]</strong></span> <span class='ocrx_word' id='word_1_94' title='bbox 906 1573 1049 1693; x_wconf 38' lang='lat' dir='ltr'><strong>tr÷4368lt52</strong></span> <span class='ocrx_word' id='word_1_95' title='bbox 1065 1585 1135 1640; x_wconf 41' lang='lat' dir='ltr'><strong>mag·</strong></span> <span class='ocrx_word' id='word_1_96' title='bbox 1153 1574 1211 1659; x_wconf 45' lang='grc' dir='ltr'><strong>Μ’</strong></span> 
     </span>
    </p>

    <p class='ocr_par' dir='ltr' id='par_1_7' title="bbox 115 1756 1267 2027">
     <span class='ocr_line' id='line_1_13' title="bbox 206 1756 1266 1842; baseline 0.002 -19"><span class='ocrx_word' id='word_1_97' title='bbox 206 1757 328 1836; x_wconf 80' lang='lat' dir='ltr'><strong>Quibus</strong></span> <span class='ocrx_word' id='word_1_98' title='bbox 350 1758 383 1823; x_wconf 93' lang='lat' dir='ltr'><strong>in</strong></span> <span class='ocrx_word' id='word_1_99' title='bbox 406 1756 565 1823; x_wconf 90' lang='lat' dir='ltr'><strong>indicibus</strong></span> <span class='ocrx_word' id='word_1_100' title='bbox 587 1758 804 1841; x_wconf 80' lang='lat' dir='ltr'><strong>genealogicis</strong></span> <span class='ocrx_word' id='word_1_101' title='bbox 826 1756 908 1824; x_wconf 87' lang='lat' dir='ltr'><strong>baec</strong></span> <span class='ocrx_word' id='word_1_102' title='bbox 924 1759 1123 1842; x_wconf 90' lang='lat' dir='ltr'><strong>potissimum</strong></span> <span class='ocrx_word' id='word_1_103' title='bbox 1145 1778 1196 1825; x_wconf 90' lang='lat' dir='ltr'><strong>me</strong></span> <span class='ocrx_word' id='word_1_104' title='bbox 1219 1760 1266 1825; x_wconf 84' lang='lat' dir='ltr'><strong>of-</strong></span> 
     </span>
     <span class='ocr_line' id='line_1_14' title="bbox 116 1858 1267 1943; baseline -0.001 -18"><span class='ocrx_word' id='word_1_105' title='bbox 116 1858 254 1926; x_wconf 83' lang='lat' dir='ltr'><strong>lendunt</strong></span> <span class='ocrx_word' id='word_1_106' title='bbox 280 1867 377 1943; x_wconf 87' lang='lat' dir='ltr'><strong>atquc</strong></span> <span class='ocrx_word' id='word_1_107' title='bbox 409 1859 631 1927; x_wconf 84' lang='lat' dir='ltr'><strong>auctoritatem</strong></span> <span class='ocrx_word' id='word_1_108' title='bbox 660 1859 817 1943; x_wconf 88' lang='lat' dir='ltr'><strong>originum</strong></span> <span class='ocrx_word' id='word_1_109' title='bbox 845 1860 972 1925; x_wconf 91' lang='lat' dir='ltr'><strong>illarum</strong></span> <span class='ocrx_word' id='word_1_110' title='bbox 993 1859 1141 1925; x_wconf 84' lang='lat' dir='ltr'><strong>uidentur</strong></span> <span class='ocrx_word' id='word_1_111' title='bbox 1162 1861 1267 1925; x_wconf 92' lang='lat' dir='ltr'><strong>immi-</strong></span> 
     </span>
     <span class='ocr_line' id='line_1_15' title="bbox 115 1981 233 2027; baseline -0.008 -1"><span class='ocrx_word' id='word_1_112' title='bbox 115 1981 233 2027; x_wconf 85' lang='lat' dir='ltr'><strong>nuere:</strong></span> 
     </span>
    </p>

    <p class='ocr_par' dir='ltr' id='par_1_8' title="bbox 112 2063 1268 3363">
     <span class='ocr_line' id='line_1_16' title="bbox 205 2063 1267 2147; baseline 0 -18"><span class='ocrx_word' id='word_1_113' title='bbox 205 2064 345 2129; x_wconf 90' lang='lat' dir='ltr'><strong>Primum</strong></span> <span class='ocrx_word' id='word_1_114' title='bbox 371 2082 500 2146; x_wconf 90' lang='lat' dir='ltr'><strong>prorsus</strong></span> <span class='ocrx_word' id='word_1_115' title='bbox 528 2063 561 2127; x_wconf 91' lang='lat' dir='ltr'><strong>in</strong></span> <span class='ocrx_word' id='word_1_116' title='bbox 584 2064 631 2129; x_wconf 90' lang='lat' dir='ltr'><strong>eis</strong></span> <span class='ocrx_word' id='word_1_117' title='bbox 653 2063 833 2146; x_wconf 80' lang='lat' dir='ltr'><strong>neglegitur</strong></span> <span class='ocrx_word' id='word_1_118' title='bbox 859 2064 941 2129; x_wconf 91' lang='lat' dir='ltr'><strong>ratio</strong></span> <span class='ocrx_word' id='word_1_119' title='bbox 968 2069 1163 2147; x_wconf 79' lang='lat' dir='ltr'><strong>temporum3</strong></span> <span class='ocrx_word' id='word_1_120' title='bbox 1192 2084 1267 2130; x_wconf 91' lang='lat' dir='ltr'><strong>nam</strong></span> 
     </span>
     <span class='ocr_line' id='line_1_17' title="bbox 115 2164 1267 2247; baseline 0 -17"><span class='ocrx_word' id='word_1_121' title='bbox 115 2165 216 2247; x_wconf 90' lang='lat' dir='ltr'><strong>longe</strong></span> <span class='ocrx_word' id='word_1_122' title='bbox 227 2164 385 2245; x_wconf 88' lang='lat' dir='ltr'><strong>breuiora,</strong></span> <span class='ocrx_word' id='word_1_123' title='bbox 401 2184 498 2247; x_wconf 89' lang='lat' dir='ltr'><strong>quam</strong></span> <span class='ocrx_word' id='word_1_124' title='bbox 514 2183 555 2229; x_wconf 86' lang='lat' dir='ltr'><strong>ex</strong></span> <span class='ocrx_word' id='word_1_125' title='bbox 570 2170 684 2230; x_wconf 90' lang='lat' dir='ltr'><strong>natura</strong></span> <span class='ocrx_word' id='word_1_126' title='bbox 698 2170 731 2231; x_wconf 90' lang='lat' dir='ltr'><strong>et</strong></span> <span class='ocrx_word' id='word_1_127' title='bbox 744 2169 849 2240; x_wconf 86' lang='lat' dir='ltr'><strong>aetate</strong></span> <span class='ocrx_word' id='word_1_128' title='bbox 865 2164 1005 2231; x_wconf 86' lang='lat' dir='ltr'><strong>humana</strong></span> <span class='ocrx_word' id='word_1_129' title='bbox 1020 2172 1267 2232; x_wconf 87' lang='lat' dir='ltr'><strong>consentaneum</strong></span> 
     </span>
     <span class='ocr_line' id='line_1_18' title="bbox 115 2266 1265 2350; baseline 0 -17"><span class='ocrx_word' id='word_1_130' title='bbox 115 2271 178 2348; x_wconf 86' lang='lat' dir='ltr'><strong>est,</strong></span> <span class='ocrx_word' id='word_1_131' title='bbox 201 2266 357 2331; x_wconf 89' lang='lat' dir='ltr'><strong>intersunt</strong></span> <span class='ocrx_word' id='word_1_132' title='bbox 379 2267 531 2348; x_wconf 90' lang='lat' dir='ltr'><strong>temporis</strong></span> <span class='ocrx_word' id='word_1_133' title='bbox 554 2266 723 2332; x_wconf 89' lang='lat' dir='ltr'><strong>interualla</strong></span> <span class='ocrx_word' id='word_1_134' title='bbox 738 2267 820 2332; x_wconf 85' lang='lat' dir='ltr'><strong>inter</strong></span> <span class='ocrx_word' id='word_1_135' title='bbox 841 2272 969 2350; x_wconf 90' lang='lat' dir='ltr'><strong>patrum</strong></span> <span class='ocrx_word' id='word_1_136' title='bbox 988 2273 1020 2333; x_wconf 90' lang='lat' dir='ltr'><strong>et</strong></span> <span class='ocrx_word' id='word_1_137' title='bbox 1040 2266 1177 2334; x_wconf 89' lang='lat' dir='ltr'><strong>filiorum</strong></span> <span class='ocrx_word' id='word_1_138' title='bbox 1199 2289 1265 2333; x_wconf 90' lang='lat' dir='ltr'><strong>ma-</strong></span> 
     </span>
     <span class='ocr_line' id='line_1_19' title="bbox 114 2366 1267 2451; baseline 0.002 -19"><span class='ocrx_word' id='word_1_139' title='bbox 114 2369 280 2451; x_wconf 86' lang='lat' dir='ltr'><strong>gistratus.</strong></span> <span class='ocrx_word' id='word_1_140' title='bbox 325 2366 430 2448; x_wconf 88' lang='lat' dir='ltr'><strong>Vulgo</strong></span> <span class='ocrx_word' id='word_1_141' title='bbox 457 2372 595 2432; x_wconf 90' lang='lat' dir='ltr'><strong>aetatem</strong></span> <span class='ocrx_word' id='word_1_142' title='bbox 627 2366 800 2433; x_wconf 83' lang='lat' dir='ltr'><strong>humanam</strong></span> <span class='ocrx_word' id='word_1_143' title='bbox 832 2368 964 2450; x_wconf 87' lang='lat' dir='ltr'><strong>triginta</strong></span> <span class='ocrx_word' id='word_1_144' title='bbox 990 2370 1085 2434; x_wconf 88' lang='lat' dir='ltr'><strong>trium</strong></span> <span class='ocrx_word' id='word_1_145' title='bbox 1112 2390 1267 2436; x_wconf 91' lang='lat' dir='ltr'><strong>annorum</strong></span> 
     </span>
     <span class='ocr_line' id='line_1_20' title="bbox 114 2468 1267 2551; baseline 0 -15"><span class='ocrx_word' id='word_1_146' title='bbox 114 2470 261 2536; x_wconf 85' lang='lat' dir='ltr'><strong>solemus</strong></span> <span class='ocrx_word' id='word_1_147' title='bbox 290 2474 489 2551; x_wconf 88' lang='lat' dir='ltr'><strong>computare,</strong></span> <span class='ocrx_word' id='word_1_148' title='bbox 520 2473 555 2532; x_wconf 91' lang='lat' dir='ltr'><strong>ut</strong></span> <span class='ocrx_word' id='word_1_149' title='bbox 585 2474 711 2534; x_wconf 86' lang='lat' dir='ltr'><strong>centum</strong></span> <span class='ocrx_word' id='word_1_150' title='bbox 737 2468 805 2534; x_wconf 84' lang='lat' dir='ltr'><strong>fere</strong></span> <span class='ocrx_word' id='word_1_151' title='bbox 829 2470 905 2533; x_wconf 89' lang='lat' dir='ltr'><strong>anni</strong></span> <span class='ocrx_word' id='word_1_152' title='bbox 934 2470 1081 2534; x_wconf 80' lang='lat' dir='ltr'><strong>intersint</strong></span> <span class='ocrx_word' id='word_1_153' title='bbox 1102 2471 1185 2536; x_wconf 89' lang='lat' dir='ltr'><strong>inter</strong></span> <span class='ocrx_word' id='word_1_154' title='bbox 1205 2471 1267 2536; x_wconf 88' lang='lat' dir='ltr'><strong>uiri</strong></span> 
     </span>
     <span class='ocr_line' id='line_1_21' title="bbox 113 2568 1266 2654; baseline 0 -18"><span class='ocrx_word' id='word_1_155' title='bbox 113 2570 256 2637; x_wconf 90' lang='lat' dir='ltr'><strong>alicuius</strong></span> <span class='ocrx_word' id='word_1_156' title='bbox 277 2588 434 2652; x_wconf 92' lang='lat' dir='ltr'><strong>proauum</strong></span> <span class='ocrx_word' id='word_1_157' title='bbox 455 2573 552 2651; x_wconf 89' lang='lat' dir='ltr'><strong>atque</strong></span> <span class='ocrx_word' id='word_1_158' title='bbox 573 2569 687 2652; x_wconf 91' lang='lat' dir='ltr'><strong>ipsum.</strong></span> <span class='ocrx_word' id='word_1_159' title='bbox 731 2568 878 2635; x_wconf 81' lang='lat' dir='ltr'><strong>Eundem</strong></span> <span class='ocrx_word' id='word_1_160' title='bbox 898 2569 965 2635; x_wconf 88' lang='lat' dir='ltr'><strong>ferc</strong></span> <span class='ocrx_word' id='word_1_161' title='bbox 987 2589 1154 2636; x_wconf 89' lang='lat' dir='ltr'><strong>numerum</strong></span> <span class='ocrx_word' id='word_1_162' title='bbox 1175 2590 1266 2654; x_wconf 88' lang='lat' dir='ltr'><strong>prae·</strong></span> 
     </span>
     <span class='ocr_line' id='line_1_22' title="bbox 114 2671 1267 2754; baseline 0.002 -16"><span class='ocrx_word' id='word_1_163' title='bbox 114 2675 209 2739; x_wconf 88' lang='lat' dir='ltr'><strong>clara</strong></span> <span class='ocrx_word' id='word_1_164' title='bbox 231 2671 447 2754; x_wconf 85' lang='lat' dir='ltr'><strong>disputatione</strong></span> <span class='ocrx_word' id='word_1_165' title='bbox 469 2690 511 2737; x_wconf 86' lang='lat' dir='ltr'><strong>ex</strong></span> <span class='ocrx_word' id='word_1_166' title='bbox 528 2671 620 2736; x_wconf 85' lang='lat' dir='ltr'><strong>fastis</strong></span> <span class='ocrx_word' id='word_1_167' title='bbox 646 2676 856 2753; x_wconf 85' lang='lat' dir='ltr'><strong>strategomm</strong></span> <span class='ocrx_word' id='word_1_168' title='bbox 870 2672 1168 2739; x_wconf 81' lang='lat' dir='ltr'><strong>Tauromenitanum</strong></span> <span class='ocrx_word' id='word_1_169' title='bbox 1190 2672 1267 2740; x_wconf 85' lang='lat' dir='ltr'><strong>effe-</strong></span> 
     </span>
     <span class='ocr_line' id='line_1_23' title="bbox 114 2773 1265 2856; baseline -0.002 -15"><span class='ocrx_word' id='word_1_170' title='bbox 114 2776 164 2841; x_wconf 93' lang='lat' dir='ltr'><strong>cit</strong></span> <span class='ocrx_word' id='word_1_171' title='bbox 175 2774 338 2855; x_wconf 81' lang='lat' dir='ltr'><strong>llugenius</strong></span> <span class='ocrx_word' id='word_1_172' title='bbox 349 2773 510 2838; x_wconf 91' lang='lat' dir='ltr'><strong>Bormann</strong></span> <span class='ocrx_word' id='word_1_173' title='bbox 522 2773 604 2852; x_wconf 88' lang='lat' dir='ltr'><strong>(fast.</strong></span> <span class='ocrx_word' id='word_1_174' title='bbox 616 2773 712 2839; x_wconf 86' lang='lat' dir='ltr'><strong>Taur.</strong></span> <span class='ocrx_word' id='word_1_175' title='bbox 724 2773 837 2856; x_wconf 88' lang='lat' dir='ltr'><strong>reliqu.</strong></span> <span class='ocrx_word' id='word_1_176' title='bbox 850 2773 951 2840; x_wconf 84' lang='lat' dir='ltr'><strong>deser.</strong></span> <span class='ocrx_word' id='word_1_177' title='bbox 964 2780 997 2839; x_wconf 88' lang='lat' dir='ltr'><strong>ct</strong></span> <span class='ocrx_word' id='word_1_178' title='bbox 1008 2773 1059 2839; x_wconf 90' lang='lat' dir='ltr'><strong>ed.</strong></span> <span class='ocrx_word' id='word_1_179' title='bbox 1071 2774 1170 2841; x_wconf 88' lang='lat' dir='ltr'><strong>Marb.</strong></span> <span class='ocrx_word' id='word_1_180' title='bbox 1186 2776 1265 2840; x_wconf 88' lang='lat'>1881</span> 
     </span>
     <span class='ocr_line' id='line_1_24' title="bbox 112 2874 1267 2961; baseline 0.003 -21"><span class='ocrx_word' id='word_1_181' title='bbox 112 2898 149 2961; x_wconf 90' lang='lat' dir='ltr'><strong>p.</strong></span> <span class='ocrx_word' id='word_1_182' title='bbox 164 2874 296 2957; x_wconf 86' lang='lat' dir='ltr'>XVIII),</span> <span class='ocrx_word' id='word_1_183' title='bbox 312 2894 376 2957; x_wconf 90' lang='lat' dir='ltr'><strong>qua</strong></span> <span class='ocrx_word' id='word_1_184' title='bbox 390 2876 481 2941; x_wconf 90' lang='lat' dir='ltr'><strong>annis</strong></span> <span class='ocrx_word' id='word_1_185' title='bbox 494 2877 544 2958; x_wconf 84' lang='lat'><strong>33,</strong></span> <span class='ocrx_word' id='word_1_186' title='bbox 558 2875 640 2940; x_wconf 89' lang='lat' dir='ltr'><strong>8uel</strong></span> <span class='ocrx_word' id='word_1_187' title='bbox 653 2878 703 2958; x_wconf 80' lang='lat'><strong>34,</strong></span> <span class='ocrx_word' id='word_1_188' title='bbox 716 2880 736 2938; x_wconf 91' lang='grc'>4</span> <span class='ocrx_word' id='word_1_189' title='bbox 750 2880 823 2959; x_wconf 84' lang='lat' dir='ltr'><strong>post</strong></span> <span class='ocrx_word' id='word_1_190' title='bbox 837 2882 944 2960; x_wconf 88' lang='lat' dir='ltr'><strong>patres</strong></span> <span class='ocrx_word' id='word_1_191' title='bbox 959 2875 1043 2941; x_wconf 90' lang='lat' dir='ltr'><strong>filios</strong></span> <span class='ocrx_word' id='word_1_192' title='bbox 1059 2895 1129 2942; x_wconf 85' lang='lat' dir='ltr'><strong>esse</strong></span> <span class='ocrx_word' id='word_1_193' title='bbox 1143 2877 1267 2943; x_wconf 81' lang='lat' dir='ltr'><strong>functos</strong></span> 
     </span>
     <span class='ocr_line' id='line_1_25' title="bbox 112 2976 1267 3061; baseline -0.002 -17"><span class='ocrx_word' id='word_1_194' title='bbox 112 2978 359 3060; x_wconf 88' lang='lat' dir='ltr'><strong>magistratibus</strong></span> <span class='ocrx_word' id='word_1_195' title='bbox 382 2976 587 3043; x_wconf 88' lang='lat' dir='ltr'><strong>demonstrat.</strong></span> <span class='ocrx_word' id='word_1_196' title='bbox 625 2977 675 3041; x_wconf 82' lang='lat' dir='ltr'><strong>Ex</strong></span> <span class='ocrx_word' id='word_1_197' title='bbox 696 2978 776 3061; x_wconf 91' lang='lat' dir='ltr'><strong>ipsis</strong></span> <span class='ocrx_word' id='word_1_198' title='bbox 791 2976 866 3042; x_wconf 84' lang='lat' dir='ltr'><strong>dein</strong></span> <span class='ocrx_word' id='word_1_199' title='bbox 882 2976 1073 3059; x_wconf 77' lang='lat' dir='ltr'><strong>Capitolinis</strong></span> <span class='ocrx_word' id='word_1_200' title='bbox 1095 2978 1196 3059; x_wconf 86' lang='lat' dir='ltr'><strong>fastis,</strong></span> <span class='ocrx_word' id='word_1_201' title='bbox 1220 2979 1267 3043; x_wconf 91' lang='lat' dir='ltr'><strong>eis</strong></span> 
     </span>
     <span class='ocr_line' id='line_1_26' title="bbox 113 3078 1267 3164; baseline 0 -20"><span class='ocrx_word' id='word_1_202' title='bbox 113 3097 207 3164; x_wconf 88' lang='lat' dir='ltr'><strong>quac</strong></span> <span class='ocrx_word' id='word_1_203' title='bbox 229 3079 405 3145; x_wconf 88' lang='lat' dir='ltr'><strong>referuntur</strong></span> <span class='ocrx_word' id='word_1_204' title='bbox 428 3085 534 3145; x_wconf 91' lang='lat' dir='ltr'><strong>certae</strong></span> <span class='ocrx_word' id='word_1_205' title='bbox 556 3079 821 3161; x_wconf 87' lang='lat' dir='ltr'><strong>incorruptaeque</strong></span> <span class='ocrx_word' id='word_1_206' title='bbox 846 3079 929 3144; x_wconf 90' lang='lat' dir='ltr'><strong>notis</strong></span> <span class='ocrx_word' id='word_1_207' title='bbox 952 3079 1169 3161; x_wconf 84' lang='lat' dir='ltr'><strong>genealogicis</strong></span> <span class='ocrx_word' id='word_1_208' title='bbox 1191 3078 1267 3144; x_wconf 88' lang='lat' dir='ltr'><strong>inde</strong></span> 
     </span>
     <span class='ocr_line' id='line_1_27' title="bbox 112 3178 1268 3263; baseline -0.002 -16"><span class='ocrx_word' id='word_1_209' title='bbox 112 3182 164 3247; x_wconf 88' lang='lat' dir='ltr'><strong>ab</strong></span> <span class='ocrx_word' id='word_1_210' title='bbox 188 3186 278 3245; x_wconf 86' lang='lat' dir='ltr'><strong>sexto</strong></span> <span class='ocrx_word' id='word_1_211' title='bbox 300 3182 368 3245; x_wconf 85' lang='lat' dir='ltr'><strong>icrc</strong></span> <span class='ocrx_word' id='word_1_212' title='bbox 380 3181 508 3246; x_wconf 90' lang='lat' dir='ltr'><strong>sacculo</strong></span> <span class='ocrx_word' id='word_1_213' title='bbox 523 3180 605 3263; x_wconf 84' lang='lat' dir='ltr'><strong>inter</strong></span> <span class='ocrx_word' id='word_1_214' title='bbox 620 3199 655 3245; x_wconf 86' lang='lat' dir='ltr'><strong>se</strong></span> <span class='ocrx_word' id='word_1_215' title='bbox 677 3180 811 3263; x_wconf 85' lang='lat' dir='ltr'><strong>collatis,</strong></span> <span class='ocrx_word' id='word_1_216' title='bbox 828 3179 922 3245; x_wconf 85' lang='lat' dir='ltr'><strong>effeci</strong></span> <span class='ocrx_word' id='word_1_217' title='bbox 936 3178 1070 3261; x_wconf 88' lang='lat' dir='ltr'><strong>medios,</strong></span> <span class='ocrx_word' id='word_1_218' title='bbox 1094 3198 1173 3262; x_wconf 89' lang='lat' dir='ltr'><strong>quos</strong></span> <span class='ocrx_word' id='word_1_219' title='bbox 1190 3179 1268 3246; x_wconf 87' lang='lat' dir='ltr'><strong>dici-</strong></span> 
     </span>
     <span class='ocr_line' id='line_1_28' title="bbox 112 3280 1268 3363; baseline -0.001 -15"><span class='ocrx_word' id='word_1_220' title='bbox 112 3300 204 3362; x_wconf 89' lang='lat' dir='ltr'><strong>mus,</strong></span> <span class='ocrx_word' id='word_1_221' title='bbox 227 3301 327 3347; x_wconf 89' lang='lat' dir='ltr'><strong>annos</strong></span> <span class='ocrx_word' id='word_1_222' title='bbox 350 3283 544 3348; x_wconf 86' lang='lat' dir='ltr'><strong>tricesimum</strong></span> <span class='ocrx_word' id='word_1_223' title='bbox 566 3282 692 3346; x_wconf 89' lang='lat' dir='ltr'><strong>tertium</strong></span> <span class='ocrx_word' id='word_1_224' title='bbox 716 3280 759 3346; x_wconf 78' lang='lat' dir='ltr'><strong>an</strong></span> <span class='ocrx_word' id='word_1_225' title='bbox 787 3282 940 3363; x_wconf 86' lang='lat' dir='ltr'><strong>quintum.</strong></span> <span class='ocrx_word' id='word_1_226' title='bbox 984 3280 1150 3359; x_wconf 90' lang='lat' dir='ltr'><strong>Quacum</strong></span> <span class='ocrx_word' id='word_1_227' title='bbox 1172 3282 1268 3347; x_wconf 91' lang='lat' dir='ltr'><strong>ratio-</strong></span> 
     </span>
    </p>
   </div>
   <div class='ocr_carea' id='block_1_7' title="bbox 111 3461 1335 4127">
    <p class='ocr_par' dir='ltr' id='par_1_9' title="bbox 111 3461 1335 4127">
     <span class='ocr_line' id='line_1_29' title="bbox 211 3461 1268 3534; baseline 0.003 -19"><span class='ocrx_word' id='word_1_228' title='bbox 211 3467 235 3528; x_wconf 86' lang='lat'><strong>1)</strong></span> <span class='ocrx_word' id='word_1_229' title='bbox 252 3461 351 3518; x_wconf 88' lang='lat' dir='ltr'><strong>Nescio</strong></span> <span class='ocrx_word' id='word_1_230' title='bbox 363 3478 398 3517; x_wconf 88' lang='lat' dir='ltr'><strong>an</strong></span> <span class='ocrx_word' id='word_1_231' title='bbox 410 3465 455 3518; x_wconf 88' lang='lat' dir='ltr'><strong>bic</strong></span> <span class='ocrx_word' id='word_1_232' title='bbox 464 3464 496 3518; x_wconf 87' lang='lat' dir='ltr'><strong>P.</strong></span> <span class='ocrx_word' id='word_1_233' title='bbox 504 3463 634 3519; x_wconf 89' lang='lat' dir='ltr'><strong>Seruilius</strong></span> <span class='ocrx_word' id='word_1_234' title='bbox 650 3463 734 3519; x_wconf 86' lang='lat' dir='ltr'><strong>fuerit</strong></span> <span class='ocrx_word' id='word_1_235' title='bbox 750 3464 853 3519; x_wconf 87' lang='lat' dir='ltr'><strong>relatus</strong></span> <span class='ocrx_word' id='word_1_236' title='bbox 869 3464 898 3517; x_wconf 85' lang='lat' dir='ltr'><strong>ln</strong></span> <span class='ocrx_word' id='word_1_237' title='bbox 914 3465 1046 3519; x_wconf 83' lang='lat' dir='ltr'><strong>fastorum</strong></span> <span class='ocrx_word' id='word_1_238' title='bbox 1055 3463 1268 3534; x_wconf 80' lang='lat' dir='ltr'><strong>Capitobnorum</strong></span> 
     </span>
     <span class='ocr_line' id='line_1_30' title="bbox 113 3547 1269 3620; baseline -0.001 -16"><span class='ocrx_word' id='word_1_239' title='bbox 113 3554 201 3620; x_wconf 88' lang='lat' dir='ltr'><strong>parte</strong></span> <span class='ocrx_word' id='word_1_240' title='bbox 224 3547 312 3601; x_wconf 87' lang='lat' dir='ltr'><strong>deleta</strong></span> <span class='ocrx_word' id='word_1_241' title='bbox 330 3549 424 3602; x_wconf 88' lang='lat' dir='ltr'><strong>consul</strong></span> <span class='ocrx_word' id='word_1_242' title='bbox 440 3549 505 3603; x_wconf 88' lang='lat' dir='ltr'><strong>anni</strong></span> <span class='ocrx_word' id='word_1_243' title='bbox 522 3553 580 3603; x_wconf 73' lang='lat'><strong>327.</strong></span> <span class='ocrx_word' id='word_1_244' title='bbox 615 3549 670 3605; x_wconf 89' lang='lat' dir='ltr'><strong>Ubi</strong></span> <span class='ocrx_word' id='word_1_245' title='bbox 687 3566 748 3603; x_wconf 89' lang='lat' dir='ltr'><strong>eum</strong></span> <span class='ocrx_word' id='word_1_246' title='bbox 766 3550 795 3604; x_wconf 82' lang='lat'><strong>0.</strong></span> <span class='ocrx_word' id='word_1_247' title='bbox 815 3549 957 3603; x_wconf 85' lang='lat' dir='ltr'><strong>Seruilium</strong></span> <span class='ocrx_word' id='word_1_248' title='bbox 980 3549 1074 3604; x_wconf 87' lang='lat' dir='ltr'><strong>dicant</strong></span> <span class='ocrx_word' id='word_1_249' title='bbox 1090 3548 1224 3603; x_wconf 86' lang='lat' dir='ltr'><strong>Diodorus</strong></span> <span class='ocrx_word' id='word_1_250' title='bbox 1243 3553 1269 3603; x_wconf 88' lang='lat' dir='ltr'><strong>ct</strong></span> 
     </span>
     <span class='ocr_line' id='line_1_31' title="bbox 111 3632 1335 3705; baseline -0.002 -15"><span class='ocrx_word' id='word_1_251' title='bbox 111 3636 228 3700; x_wconf 90' lang='lat' dir='ltr'><strong>Liuius,</strong></span> <span class='ocrx_word' id='word_1_252' title='bbox 255 3636 346 3686; x_wconf 87' lang='lat' dir='ltr'><strong>tamen</strong></span> <span class='ocrx_word' id='word_1_253' title='bbox 369 3633 442 3702; x_wconf 89' lang='lat' dir='ltr'><strong>apud</strong></span> <span class='ocrx_word' id='word_1_254' title='bbox 459 3632 568 3687; x_wconf 79' lang='lat' dir='ltr'><strong>Limum</strong></span> <span class='ocrx_word' id='word_1_255' title='bbox 586 3633 691 3702; x_wconf 88' lang='lat' dir='ltr'><strong>quidem</strong></span> <span class='ocrx_word' id='word_1_256' title='bbox 709 3640 789 3690; x_wconf 85' lang='lat' dir='ltr'><strong>antea</strong></span> <span class='ocrx_word' id='word_1_257' title='bbox 811 3634 941 3705; x_wconf 85' lang='lat' dir='ltr'><strong>scriptum</strong></span> <span class='ocrx_word' id='word_1_258' title='bbox 958 3634 1042 3689; x_wconf 89' lang='lat' dir='ltr'><strong>luisse</strong></span> <span class='ocrx_word' id='word_1_259' title='bbox 1059 3634 1184 3689; x_wconf 90' lang='lat' dir='ltr'><strong>Publium</strong></span> <span class='ocrx_word' id='word_1_260' title='bbox 1207 3633 1270 3688; x_wconf 89' lang='lat' dir='ltr'><strong>inde</strong></span> <span class='ocrx_word' id='word_1_261' title='bbox 1325 3644 1335 3656; x_wconf 78' lang='grc'><em>·</em></span> 
     </span>
     <span class='ocr_line' id='line_1_32' title="bbox 113 3716 1268 3787; baseline -0.003 -11"><span class='ocrx_word' id='word_1_262' title='bbox 113 3717 267 3783; x_wconf 91' lang='lat' dir='ltr'><strong>concludo,</strong></span> <span class='ocrx_word' id='word_1_263' title='bbox 291 3716 364 3784; x_wconf 85' lang='lat' dir='ltr'><strong>quod</strong></span> <span class='ocrx_word' id='word_1_264' title='bbox 376 3717 429 3770; x_wconf 90' lang='lat' dir='ltr'><strong>hoc</strong></span> <span class='ocrx_word' id='word_1_265' title='bbox 450 3717 623 3785; x_wconf 86' lang='lat' dir='ltr'><strong>praenomine</strong></span> <span class='ocrx_word' id='word_1_266' title='bbox 640 3717 783 3774; x_wconf 83' lang='lat' dir='ltr'><strong>Seruilium</strong></span> <span class='ocrx_word' id='word_1_267' title='bbox 805 3724 887 3774; x_wconf 90' lang='lat' dir='ltr'><strong>uocat</strong></span> <span class='ocrx_word' id='word_1_268' title='bbox 903 3718 1081 3773; x_wconf 80' lang='lat' dir='ltr'><strong>Cassiodorus</strong></span> <span class='ocrx_word' id='word_1_269' title='bbox 1098 3719 1127 3772; x_wconf 91' lang='lat' dir='ltr'><strong>in</strong></span> <span class='ocrx_word' id='word_1_270' title='bbox 1144 3718 1268 3787; x_wconf 88' lang='lat' dir='ltr'><strong>epitoma,</strong></span> 
     </span>
     <span class='ocr_line' id='line_1_33' title="bbox 111 3801 1269 3874; baseline -0.001 -16"><span class='ocrx_word' id='word_1_271' title='bbox 111 3818 204 3874; x_wconf 86' lang='lat' dir='ltr'><strong>quam</strong></span> <span class='ocrx_word' id='word_1_272' title='bbox 221 3805 250 3858; x_wconf 91' lang='lat' dir='ltr'><strong>in</strong></span> <span class='ocrx_word' id='word_1_273' title='bbox 269 3801 409 3857; x_wconf 89' lang='lat' dir='ltr'><strong>consulum</strong></span> <span class='ocrx_word' id='word_1_274' title='bbox 425 3803 645 3869; x_wconf 88' lang='lat' dir='ltr'><strong>praenominibus</strong></span> <span class='ocrx_word' id='word_1_275' title='bbox 656 3805 879 3871; x_wconf 85' lang='lat' dir='ltr'><strong>praestantiorem</strong></span> <span class='ocrx_word' id='word_1_276' title='bbox 889 3819 969 3872; x_wconf 89' lang='lat' dir='ltr'><strong>saepe</strong></span> <span class='ocrx_word' id='word_1_277' title='bbox 978 3803 1133 3858; x_wconf 88' lang='lat' dir='ltr'><strong>memoriam</strong></span> <span class='ocrx_word' id='word_1_278' title='bbox 1141 3803 1269 3859; x_wconf 87' lang='lat' dir='ltr'><strong>exhibere</strong></span> 
     </span>
     <span class='ocr_line' id='line_1_34' title="bbox 111 3886 1268 3957; baseline -0.002 -13"><span class='ocrx_word' id='word_1_279' title='bbox 111 3894 233 3945; x_wconf 87' lang='lat' dir='ltr'><strong>constat</strong></span> <span class='ocrx_word' id='word_1_280' title='bbox 250 3886 495 3957; x_wconf 77' lang='lat' dir='ltr'><strong>antiquIssimorum</strong></span> <span class='ocrx_word' id='word_1_281' title='bbox 514 3886 637 3941; x_wconf 87' lang='lat' dir='ltr'><strong>codicum</strong></span> <span class='ocrx_word' id='word_1_282' title='bbox 648 3888 830 3942; x_wconf 85' lang='lat' dir='ltr'><strong>Liuianorum.</strong></span> <span class='ocrx_word' id='word_1_283' title='bbox 857 3888 979 3952; x_wconf 85' lang='lat' dir='ltr'><strong>Accedit,</strong></span> <span class='ocrx_word' id='word_1_284' title='bbox 998 3889 1071 3957; x_wconf 90' lang='lat' dir='ltr'><strong>quod</strong></span> <span class='ocrx_word' id='word_1_285' title='bbox 1083 3888 1186 3943; x_wconf 85' lang='lat' dir='ltr'><strong>anius</strong></span> <span class='ocrx_word' id='word_1_286' title='bbox 1202 3903 1268 3957; x_wconf 91' lang='lat' dir='ltr'><strong>quo·</strong></span> 
     </span>
     <span class='ocr_line' id='line_1_35' title="bbox 111 3971 1267 4046; baseline -0.001 -18"><span class='ocrx_word' id='word_1_287' title='bbox 111 3987 178 4046; x_wconf 91' lang='lat' dir='ltr'><strong>que</strong></span> <span class='ocrx_word' id='word_1_288' title='bbox 190 3976 225 4039; x_wconf 89' lang='lat' dir='ltr'><strong>(n.</strong></span> <span class='ocrx_word' id='word_1_289' title='bbox 236 3973 262 4027; x_wconf 86' lang='lat' dir='ltr'><strong>b.</strong></span> <span class='ocrx_word' id='word_1_290' title='bbox 273 3977 297 4038; x_wconf 72' lang='grc' dir='ltr'><strong>ἵ,</strong></span> <span class='ocrx_word' id='word_1_291' title='bbox 307 3976 364 4040; x_wconf 84' lang='grc'><strong>103)</strong></span> <span class='ocrx_word' id='word_1_292' title='bbox 375 3971 406 4027; x_wconf 92' lang='lat' dir='ltr'><strong>P.</strong></span> <span class='ocrx_word' id='word_1_293' title='bbox 420 3971 563 4026; x_wconf 86' lang='lat' dir='ltr'><strong>Seruilium</strong></span> <span class='ocrx_word' id='word_1_294' title='bbox 575 3973 732 4040; x_wconf 86' lang='lat' dir='ltr'><strong>magistrum</strong></span> <span class='ocrx_word' id='word_1_295' title='bbox 744 3973 865 4041; x_wconf 89' lang='lat' dir='ltr'><strong>equitnm</strong></span> <span class='ocrx_word' id='word_1_296' title='bbox 876 3974 1006 4038; x_wconf 86' lang='lat' dir='ltr'><strong>nominat,</strong></span> <span class='ocrx_word' id='word_1_297' title='bbox 1022 3974 1181 4042; x_wconf 87' lang='lat' dir='ltr'><strong>ceteroquin</strong></span> <span class='ocrx_word' id='word_1_298' title='bbox 1191 3974 1267 4040; x_wconf 84' lang='lat' dir='ltr'><strong>igno-</strong></span> 
     </span>
     <span class='ocr_line' id='line_1_36' title="bbox 117 4055 1152 4127; baseline -0.005 -12"><span class='ocrx_word' id='word_1_299' title='bbox 117 4069 202 4123; x_wconf 87' lang='lat' dir='ltr'><strong>tum,</strong></span> <span class='ocrx_word' id='word_1_300' title='bbox 220 4073 283 4111; x_wconf 88' lang='lat' dir='ltr'><strong>nam</strong></span> <span class='ocrx_word' id='word_1_301' title='bbox 299 4058 372 4127; x_wconf 89' lang='lat' dir='ltr'><strong>apud</strong></span> <span class='ocrx_word' id='word_1_302' title='bbox 389 4055 497 4112; x_wconf 88' lang='lat' dir='ltr'><strong>Liuium</strong></span> <span class='ocrx_word' id='word_1_303' title='bbox 514 4072 569 4112; x_wconf 89' lang='lat' dir='ltr'><strong>non</strong></span> <span class='ocrx_word' id='word_1_304' title='bbox 586 4058 639 4114; x_wconf 91' lang='lat' dir='ltr'><strong>nisi</strong></span> <span class='ocrx_word' id='word_1_305' title='bbox 657 4056 712 4112; x_wconf 81' lang='lat' dir='ltr'><strong>Gaii</strong></span> <span class='ocrx_word' id='word_1_306' title='bbox 730 4056 837 4112; x_wconf 84' lang='lat' dir='ltr'><strong>Seruilii</strong></span> <span class='ocrx_word' id='word_1_307' title='bbox 854 4058 1008 4114; x_wconf 84' lang='lat' dir='ltr'><strong>referuntur</strong></span> <span class='ocrx_word' id='word_1_308' title='bbox 1024 4057 1152 4127; x_wconf 85' lang='lat' dir='ltr'><strong>magistri.</strong></span> 
     </span>
    </p>
   </div>
   <div class='ocr_carea' id='block_1_8' title="bbox 0 0 1558 4902">
    <p class='ocr_par' dir='ltr' id='par_1_10' title="bbox 0 0 1558 4902">
     <span class='ocr_line' id='line_1_37' title="bbox 0 0 1558 4902; baseline 0 2"><span class='ocrx_word' id='word_1_309' title='bbox 0 0 1558 4902; x_wconf 95' lang='lat' dir='ltr'><strong> </strong></span> 
     </span>
    </p>
   </div>
  </div>
 </body>
</html>
