3108 4902
400 338 442 394 De
458 339 535 394 festis
554 337 742 395 consularibus
760 338 960 409 antiquissimis.
1193 339 1253 402 231
1316 360 1322 373 ·

195 511 244 563 395
278 507 358 563 Diod.
393 508 600 577 Imperiosus
698 508 1185 578 (Capitolinus)¹)(idetPesch.)

280 591 366 662 Cepit.
470 590 865 660 Capitolinlmperioss.

196 712 315 792 Quibus
338 713 479 797 adiungo
501 719 650 796 quattuor
670 714 753 780 alios
774 734 884 797 annos,
908 714 963 780 ubi
986 732 1177 797 quemquam
1200 713 1254 780 de·

111 812 268 882 sideretur
288 835 464 900 cognomen
486 817 519 880 in
541 814 602 883 bec
625 818 677 882 uel
699 817 757 882 ille
778 816 974 898 recensione,
998 822 1105 881 temen
1127 836 1255 900 compe·

112 918 188 984 ratis
210 918 281 985 aliis
303 919 405 1000 annis,
429 919 523 1002 quele
545 918 640 984 fuerit
661 918 847 985 adnotatum
870 918 1034 985 euincitur.

160 1053 243 1104 ·303
278 1049 357 1105 Diod.
392 1050 597 1119 Regillanus
700 1048 1199 1117 (Sabinum)(idatPaschDion.)

279 1134 365 1205 Cepit.
401 1136 501 1202 (Crass.
518 1136 676 1206 inlilegill.
696 1136 851 1193 Sabinus.

195 1225 243 1275 275
279 1219 358 1276 Diod.
394 1220 623 1289 (Tricostus)³)
699 1220 1126 1288 Rutilustldet.Pescb.Liu.)

280 1304 366 1374 Cepit.
470 1308 646 1362 Tricostus
663 1307 808 1362 Rutilus.

195 1396 244 1446 305
279 1390 358 1446 Diod.
397 1393 625 1463 Tovpnivoc⁴l
699 1392 836 1447 Potitus
854 1390 1137 1456 (Idet.Pesch.Dion.)

279 1475 367 1542 Cepit.
385 1478 513 1544 triumph.
549 1476 730 1545 Poplicola
747 1477 893 1531 Potitus.

195 1564 244 1615 298
278 1559 358 1615 Diod.
394 1563 543 1617 Lectuce
699 1562 861 1617 Maximus
879 1561 959 1628 (idat.
977 1561 1085 1625 Pesch.)

280 1645 366 1715 Cepit.
469 1646 654 1714 (Lactncsil
672 1645 856 1714 Maxumus,

106 1804 183 1850 nem
212 1785 356 1866 quemuis
385 1785 417 1849 in
439 1804 597 1851 marmore
616 1775 811 1851 ‘Maxumus'
830 1789 952 1849 tantum
980 1785 1120 1866 legatur,
1150 1790 1256 1850 tamen

107 1887 142 1951 in
164 1887 252 1952 fonte
273 1887 419 1953 additum
441 1886 569 1954 uidetur
590 1887 688 1955 fiiisse
707 1878 885 1953 ‘Lactuca'.
922 1885 1033 1969 Nepos
1056 1886 1141 1951 enim
1163 1883 1257 1952 huius

107 1990 150 2053 M.
174 1989 295 2055 Valerii
324 1991 356 2054 in
386 1990 465 2073 ipsis
492 1991 582 2056 festis
609 1989 799 2073 Capitolinis
828 2008 911 2055 anno
938 1991 999 2053 356
1029 1986 1158 2054 dicitur:
1189 1978 1256 2064 ί(Μ.

108 2090 268 2167 Valerius)
290 2092 332 2155 M.
349 2091 369 2156 i.
384 2093 426 2156 M.
443 2112 473 2156 n.
489 2092 651 2159 Lactucin.
675 2081 824 2158 Manum.²
861 2089 978 2157 Omisit
994 2095 1100 2156 autem
1122 2092 1258 2156 alterum

108 2212 286 2277 cognomen
315 2193 456 2277 lapicida
489 2194 558 2261 siue
588 2197 728 2275 errore⁵l
745 2196 820 2261 siue
849 2194 953 2277 spatio
982 2193 1160 2275 deficiente,
1183 2213 1257 2257 nam

107 2314 167 2378 per
189 2300 272 2360 totos
291 2295 391 2361 festos
419 2296 553 2378 singulis
581 2297 727 2363 uersibus
753 2298 882 2363 nomina
908 2296 1072 2363 consulum
1095 2295 1257 2362 continen-

107 2401 160 2462 tur
181 2406 286 2479 nequo'
307 2415 447 2478 unquam
471 2395 553 2464 buno
576 2398 706 2463 modum
729 2418 892 2481 egressum
914 2398 1100 2464 inuenimus.

197 2567 221 2629 1)
239 2561 406 2630 Quemquam
424 2561 523 2617 excidit
538 2562 567 2617 in
584 2562 659 2618 fonte
670 2561 751 2617 idatii
761 2561 1088 2631 ChroniciquePeschalis
1106 2560 1154 2616 (ln.
1164 2560 1259 2617 Manlii

108 2648 230 2704 consulis
242 2663 347 2714 nomen,
366 2651 457 2702 temen
470 2663 504 2703 ex
516 2648 601 2703 altero
619 2647 738 2704 eiusdem
755 2647 871 2703 hominis
889 2648 1039 2713 consulatu,
1057 2662 1128 2703 enno
1139 2651 1187 2703 397
1198 2665 1225 2702 u.
1235 2664 1257 2703 c.

107 2733 306 2799 administrato,
324 2735 454 2803 scriptum
471 2733 555 2788 fuisse
569 2727 609 2788 ‘et
627 2725 790 2804 Capitolino'
808 2733 906 2789 elucet.

197 2824 223 2886 2)
241 2818 318 2887 Quod
336 2820 502 2874 demonstret
519 2819 675 2874 consulatus
693 2820 745 2889 Ap.
756 2818 861 2874 Claudii
879 2835 949 2874 enno
960 2821 1007 2873 283
1027 2823 1258 2874 commemoratus.

32 2960 35 2965 ⁴
196 2907 221 2971 3)
240 2903 307 2960 cum
324 2903 460 2959 Diodorus
479 2921 561 2960 unum
577 2904 696 2959 Tricosti
717 2905 821 2960 nouerit
843 2919 990 2974 cognomen
1007 2903 1194 2973 Verginiorum
1213 2905 1258 2970 (ci.

107 2994 168 3058 264,
179 2993 238 3055 278,
250 2993 307 3057 298,
318 2994 375 3055 389,
385 2991 454 3057 319),
472 2994 565 3045 nostro
578 3004 684 3058 quoque
697 2989 758 3044 loco
771 2989 926 3044 Tricostum
938 2988 1039 3043 dictum
1055 2988 1140 3044 fuisse
1149 2990 1180 3042 T.
1190 2990 1259 3045 Ver·

105 3075 211 3145 ginium
230 3074 367 3130 consulem
385 3073 457 3143 epnd
469 3074 703 3142 chronographum
712 3072 826 3129 Diodori
844 3072 987 3129 admodum
1005 3073 1179 3143 probabiliter
1195 3074 1261 3128 mihi

105 3161 204 3215 uideor
220 3158 364 3214 affirmare.
1164 3176 1167 3181 ’

197 3246 223 3308 4)
244 3247 415 3317 respersos,
438 3244 509 3313 quod
532 3244 560 3298 in
578 3243 682 3299 Petmio
707 3259 812 3313 quoque
838 3242 931 3300 codice
953 3244 1004 3312 legi
1026 3243 1074 3299 Fr.
1086 3243 1171 3312 Vogel
1194 3244 1259 3298 mihi

107 3328 219 3392 scribit,
247 3334 403 3398 corruptum
420 3335 486 3399 puto
505 3344 564 3384 esse
583 3345 616 3384 ex
637 3325 848 3395 Πουπλικόλας,
873 3346 925 3398 quo
944 3328 1099 3398 cognomine
1123 3328 1259 3384 Diodorus

108 3416 225 3470 cunctos
242 3414 362 3469 nominet
378 3415 543 3484 antiquiores
562 3414 682 3470 Valerios
700 3416 809 3483 praeter
826 3414 864 3469 M.
877 3415 1015 3470 Valerium
1026 3413 1175 3469 Lecturam
1193 3428 1258 3467 con-

107 3500 197 3556 sulem
214 3500 264 3553 298
282 3497 326 3563 (ci.
346 3501 547 3555 27111284-
564 3501 612 3555 ubi
627 3500 670 3555 bis
683 3493 798 3556 ‘Potito’
814 3499 912 3569 legitur
929 3499 1002 3569 epnd
1020 3499 1259 3568 chronographum

108 3602 132 3641 a.
146 3588 200 3639 954
217 3613 251 3623 -
269 3582 366 3639 deinde
384 3588 433 3640 279
451 3591 478 3640 11
496 3589 564 3651 294).

198 3672 223 3734 5)
240 3667 413 3736 Neglegentia
435 3669 567 3739 lepicidee
589 3669 662 3725 heud
684 3685 773 3741 peuce
799 3670 930 3726 excidisse
953 3671 981 3724 in
1004 3669 1083 3725 iestis
1102 3668 1259 3740 Capitolinis

110 3753 281 3823 cognomine,
300 3768 369 3822 quae
386 3754 415 3809 in
431 3753 507 3811 fonte
524 3754 691 3822 exstiterunt,
710 3761 737 3811 et
753 3756 800 3811 ille
818 3756 1009 3827 comprobent,
1034 3771 1102 3824 quae
1119 3756 1194 3812 solus
1214 3773 1260 3813 ex·

109 3840 189 3895 hibet
207 3838 433 3908 chronographus
450 3839 514 3895 anni
532 3841 596 3906 354,
618 3840 717 3896 omisse
733 3841 762 3895 in
779 3841 932 3898 marmoreis
950 3841 1040 3909 iestis,
1064 3845 1092 3897 11
1108 3842 1259 3898 luculenter

110 3926 227 3993 apparet
244 3923 322 3979 annis
340 3927 390 3978 498
408 3928 436 3979 11
454 3927 517 3988 594,
540 3922 587 3978 ubi
604 3940 674 3981 unus
691 3925 814 3996 idemque
831 3927 911 3984 homo
928 3928 1018 3997 priore
1037 3926 1143 3997 quidem
1161 3944 1259 3984 consu·

109 4010 172 4064 latu
195 4010 348 4079 appellatur
366 4002 411 4065 ‘Ia
430 4008 548 4064 Menhns
564 4010 598 4063 A.
612 4009 631 4064 1.
647 4010 677 4066 P.
691 4026 717 4066 n.
735 4011 819 4068 Vulso
838 4006 968 4082 Longus'‚
995 4011 1144 4083 posteriore
1167 4016 1259 4069 sutem

107 4093 154 4148 ‘L.
164 4091 286 4151 Manlius
301 4095 334 4149 A.
348 4094 367 4151 i.
379 4094 409 4150 P.
423 4111 449 4151 n.
469 4094 552 4152 Vulso
571 4089 613 4151 11‘.
633 4156 640 4171 ,
