3108 4902
284 341 345 399 216
706 340 847 399 Comedus
865 341 1003 398 dichorius

284 521 369 582 certe
391 535 455 581 non
476 513 604 597 accidit,
627 515 716 580 utin
738 515 785 581 eis
807 514 975 597 capitibus,
999 514 1113 597 quibus
1129 514 1225 582 modo
1244 513 1426 581 desideras

282 624 332 684 tur
360 615 456 682 modo
483 617 631 700 leguntur
659 616 863 699 cognomina,
892 616 933 683 ab
959 636 1042 682 anno
1073 618 1135 680 304
1163 615 1206 682 ad
1236 617 1297 680 328
1320 616 1426 693 (Diod.

282 720 356 802 XII,
379 719 516 793 24-80)
546 723 669 801 septem
698 737 861 801 annorum,
891 719 946 783 ubi
967 724 1062 784 notae
1084 717 1255 785 historicae
1278 724 1351 785 sunt
1371 720 1426 786 ad·

283 822 421 904 scriptae
438 822 492 898 (sc.
510 823 581 905 304,
597 823 668 902 305,
685 821 757 901 308,
773 822 845 902 312,
861 821 932 904 315,
950 822 1021 903 322,
1044 821 1117 898 328)
1140 821 1279 904 quinque
1295 819 1426 889 exhibe·

281 929 352 989 rent
374 923 520 989 consules
541 922 747 1004 tribunosque
766 922 949 988 consulares
971 922 1040 988 sine
1063 923 1313 1005 cognominibus.
1347 922 1426 990 Cum

281 1031 389 1091 autem
410 1044 524 1108 parum
547 1023 749 1090 commodum
771 1023 918 1089 uideatur
939 1022 1038 1090 fuisse
1059 1023 1214 1108 Diodoro,
1237 1044 1279 1091 ex
1302 1024 1426 1093 duobus

281 1126 420 1193 fontibus
444 1146 503 1192 sua
524 1145 712 1210 congerere,
741 1147 818 1192 mox
839 1125 959 1192 abiecit
979 1124 1079 1192 fastos
1101 1129 1240 1193 auctoris
1262 1128 1313 1193 sui
1335 1127 1424 1194 chro-

279 1227 438 1312 nographi
466 1234 561 1310 atque
590 1233 674 1294 totus
702 1233 829 1295 secutus
852 1232 900 1294 est
928 1227 1090 1293 annalium
1119 1246 1215 1310 quem
1237 1228 1305 1294 dixi
1327 1231 1424 1314 scrip-

280 1337 389 1397 torem.
425 1330 537 1397 Ultimi
560 1331 614 1413 qui
642 1335 755 1413 gerunt
772 1330 962 1412 cognomina
990 1335 1063 1395 sunt
1085 1330 1161 1395 anni
1184 1332 1244 1394 327
1268 1332 1423 1416 consules,

279 1433 315 1497 L.
339 1432 489 1516 Papirius
512 1430 705 1514 Mugillanus
728 1430 763 1499 (l.
779 1430 935 1497 Seruilius
954 1429 1108 1514 Structus,
1131 1451 1211 1514 quos
1233 1432 1328 1497 etiam
1349 1431 1423 1498 dico

280 1541 423 1617 sumptos
451 1553 522 1599 esse
551 1553 592 1598 ex
625 1530 876 1617 chronographo.
935 1530 1038 1611 Quem
1071 1540 1179 1600 tamen
1210 1533 1319 1618 paullo
1349 1540 1424 1616 post

279 1636 406 1701 omnino
421 1635 563 1701 neniam
578 1634 756 1716 inspexisse
771 1633 898 1700 uidetur
913 1632 1084 1718 Diodorus,
1107 1635 1184 1718 quia
1204 1635 1246 1700 ab
1261 1634 1318 1701 illo
1340 1654 1423 1702 anno

280 1738 429 1804 continuo
454 1737 565 1803 ordine
587 1735 664 1802 bina
677 1737 917 1821 magistratuum
931 1736 1086 1819 praebent
1106 1737 1236 1803 nomina
1257 1737 1331 1803 libri
1346 1737 1424 1803 Dio·

278 1839 377 1907 dorei.
422 1839 528 1922 Atque
551 1858 622 1904 cum
651 1837 743 1904 breui
768 1844 841 1923 post
869 1857 971 1904 nouus
999 1838 1170 1922 incipiatur
1190 1838 1288 1923 liber,
1312 1841 1424 1907 tertius

278 1941 431 2025 decimus,
454 1940 676 2023 praecedentis
691 1945 798 2006 autem
812 1940 886 2005 libri
909 1941 1049 2022 quinque
1064 1940 1215 2006 extremis
1236 1942 1337 2025 annis,
1361 1943 1420 2006 331

277 2046 377 2127 -35,
401 2063 466 2109 non
488 2042 622 2109 edantur
648 2043 777 2108 nomina
798 2042 994 2107 tribunorum
1015 2041 1216 2125 militarium,
1245 2039 1334 2109 haud
1356 2044 1422 2111 scio

277 2165 319 2210 an
347 2144 457 2211 omissi
485 2144 561 2209 anni
588 2143 781 2210 cohaereant
813 2143 922 2226 aliquo
947 2141 1043 2210 modo
1072 2163 1145 2209 oum
1169 2144 1294 2210 abiecto
1321 2145 1423 2212 altero

276 2248 362 2313 fonte
384 2242 533 2329 nouoque
554 2245 693 2312 inducto.

361 2349 434 2414 Huc
455 2368 556 2433 usque
579 2367 650 2414 cum
666 2347 912 2431 disputationem
928 2345 1153 2430 produxissem
1174 2347 1239 2412 iam
1261 2346 1421 2415 humanis-

276 2453 357 2518 sime
388 2450 514 2517 (lurtius
544 2448 766 2532 Wachsmuth,
799 2456 988 2533 praeceptor
1020 2449 1251 2516 illustrissimus
1279 2449 1424 2534 mihique

276 2553 468 2636 carissimus,
491 2571 660 2636 quemnam
681 2552 771 2617 illnm
797 2571 868 2618 esse
894 2549 1173 2634 chronographum
1195 2557 1322 2618 censeat
1329 2601 1338 2636 ,
1366 2554 1422 2619 cui

276 2656 416 2739 priorem
447 2656 600 2721 fastorum
628 2660 752 2738 partem
779 2652 897 2719 debere
919 2652 1097 2719 Diodorum
1125 2652 1266 2738 ostendi,
1293 2673 1421 2720 mecum

276 2757 529 2822 communicarit.

359 2857 460 2923 Usum
482 2858 567 2922 enim
591 2875 661 2922 esse
677 2853 854 2921 Diodorum
868 2860 997 2921 anctore
1018 2853 1262 2940 chronographo
1277 2856 1422 2942 Castore,

275 2959 318 3026 ad
335 2979 430 3042 quem
444 2957 549 3025 redire
568 2959 706 3042 priorem
729 2958 817 3023 illam
838 2942 991 3024 fastorum
1012 2957 1201 3041 particulam
1223 2978 1265 3024 ex
1287 2958 1420 3026 chrono

273 3159 422 3215 Diodorum
439 3158 501 3225 (XII
518 3162 560 3224 77)
577 3162 641 3226 post
658 3155 690 3210 T.
701 3155 854 3225 Quinctium
872 3158 905 3210 A.
918 3155 1070 3210 Cornelium
1088 3155 1201 3211 Cossum
1219 3158 1343 3213 consules
1358 3162 1419 3227 326,

273 3260 387 3313 quorum
403 3244 481 3297 alteri
497 3243 663 3311 adscriptum
674 3257 733 3297 esse
745 3256 893 3309 cognomen
910 3256 1014 3309 moneo,
1032 3242 1186 3295 referuntur
1204 3244 1330 3298 consules
1346 3240 1420 3300 Λεύ-

272 3349 333 3395 κιος
357 3328 522 3400 Kalamos,
548 3320 641 3393 Αὖλος
659 3323 855 3400 Σεμπρώνιος.
897 3328 987 3395 Atque
1010 3326 1059 3381 hos
1083 3342 1189 3396 quoque
1212 3342 1245 3381 ex
1267 3329 1420 3394 annalibus,

272 3415 304 3468 Τ.
323 3414 476 3482 Quinotium
493 3418 521 3468 et
537 3416 570 3468 A.
589 3413 740 3467 Cornelium
758 3413 885 3477 Cossum,
908 3426 1022 3480 qnorum
1046 3412 1116 3465 alter
1138 3412 1243 3467 adiecto
1262 3413 1424 3481 cognomine

273 3500 432 3567 appellatur,
451 3514 484 3552 ex
496 3497 700 3566 chronographo
709 3496 858 3551 Diodorum
868 3498 934 3565 puto
946 3490 1123 3565 transtnhme,
1141 3511 1228 3565 neque
1239 3511 1299 3552 eum
1309 3497 1421 3565 uidisse,

272 3583 379 3639 eosdem
398 3585 522 3640 consules
540 3597 629 3638 errore
646 3585 674 3637 in
692 3583 776 3636 altero
799 3581 873 3636 fonte
891 3574 1032 3650 corruptos
1051 3595 1118 3636 esse.
1154 3581 1224 3636 Nam
1248 3581 1332 3636 eidem
1355 3597 1419 3638 csse

270 3669 336 3723 mihi
354 3670 460 3739 quidem
477 3668 610 3735 uidentur,
630 3683 692 3722 cum
703 3667 803 3734 gentile
814 3682 912 3722 nomen
924 3665 1042 3734 Qumctii
1054 3671 1081 3720 et
1092 3666 1157 3721 Auli
1174 3681 1337 3735 praenomen
1348 3667 1422 3723 alte-

270 3754 328 3808 rins
347 3755 464 3809 consulis
481 3755 510 3808 in
527 3746 641 3823 utroque
659 3751 769 3820 collegio
788 3757 883 3806 exstet.
910 3751 999 3806 Simile
1011 3751 1075 3820 quid
1093 3755 1175 3806 antea
1186 3750 1291 3820 quidem
1302 3751 1421 3807 Momm-

271 3853 319 3894 sen
342 3853 447 3907 qnoque
468 3840 552 3894 sensit
576 3839 661 3904 (Ro'm.
680 3837 778 3893 Cicron.
795 3853 824 3906 p.
837 3841 884 3891 122
902 3838 963 3892 adn.
973 3839 1041 3903 226).
1067 3867 1101 3876 -
1124 3837 1208 3890 Plane
1226 3836 1318 3891 eodem
1335 3838 1424 3894 modo

270 3923 436 3978 decemuiros
454 3924 518 3978 anni
536 3927 584 3977 303
603 3922 691 3991 (Diod.
704 3922 758 3976 XII
771 3926 820 3989 23),
839 3937 951 3991 quorum
965 3923 1073 3976 exstant
1090 3920 1204 3990 uestigia
1221 3921 1423 3989 cognominum,

270 4007 475 4076 chronographo
493 4009 596 4075 tribuo,
621 4024 721 4063 annum
738 4012 828 4062 autem
846 4011 910 4072 304,
938 4007 1014 4061 cuius
1039 4007 1183 4062 decemuiri
1206 4011 1299 4061 carent
1316 4022 1423 4075 cogno-

268 4093 385 4148 minibus
396 4093 502 4161 copiose
517 4099 607 4149 tamen
618 4097 779 4148 enarrantur
787 4107 839 4158 res,
853 4106 887 4147 ex
896 4091 1032 4147 annalium
1040 4096 1153 4147 anctore
1165 4092 1278 4161 petitum
1287 4091 1422 4148 arbitror.
