3108 4902
552 1172 696 1242 usPUn
718 1172 886 1240 PRIMUM

345 1321 537 1422 Desertus
562 1320 813 1401 consororibus
839 1322 1096 1423 anteponamus

231 1511 392 1577 Historiae
407 1512 570 1578 Romanae
587 1511 838 1595 antiquissimae,
861 1526 1054 1596 quamquam
1068 1513 1168 1578 multu
1190 1511 1233 1579 de
1254 1524 1294 1580 ea

141 1617 276 1681 narrant
290 1612 459 1697 scriptores
472 1618 608 1694 ueteres,
629 1610 841 1679 incertissima
856 1620 905 1680 est
919 1612 1082 1680 memoria.
1115 1614 1199 1680 Nam
1213 1630 1292 1699 pau·

144 1715 275 1783 uissima
289 1720 410 1779 tantum
427 1733 545 1796 eorum,
569 1730 652 1797 quae
666 1714 803 1797 legimus
819 1713 970 1781 derebus
985 1716 1199 1781 Romanorum
1217 1722 1293 1783 ante

143 1814 233 1883 belia·
254 1814 429 1882 Samnitica
450 1816 560 1899 gestis,
583 1813 625 1882 ad
647 1816 789 1899 ipsorum
810 1821 988 1901 temporum
1009 1814 1137 1883 illorum
1158 1817 1293 1883 redeunt

142 1918 275 1985 litteras.
319 1918 405 1985 Inter
427 1934 510 2002 quae
531 1916 669 2001 primum
694 1917 838 1984 obtinent
863 1918 968 1985 luorum
996 1917 1071 1984 fasti
1098 1918 1291 2002 consulares,

143 2021 264 2104 quippe
287 2021 341 2103 qui
363 2019 407 2086 ad
427 2020 566 2105 priorem
587 2020 709 2086 liberae
730 2019 928 2104 reipublicae
948 2018 1117 2087 uideantur
1144 2036 1215 2088 esse
1242 2038 1291 2087 re-

142 2121 268 2188 ferendi
289 2127 435 2188 aetatem
481 2121 567 2187 Num.
586 2122 640 2188 uel
660 2122 805 2206 pristinis
824 2123 890 2189 iliis
911 2122 1105 2207 temporibus
1127 2124 1292 2189 consulum

141 2224 323 2290 nominibus
339 2224 481 2306 singulos
497 2223 692 2307 signifloatos
707 2240 779 2292 usse
792 2242 902 2308 annos,
926 2228 958 2291 et
979 2224 1143 2310 complura
1165 2226 1303 2292 exstant*

141 2325 264 2390 indioiu
286 2328 318 2389 et
339 2338 381 2390 ux
402 2326 474 2408 ipsu
494 2342 531 2390 re
551 2325 587 2390 nt
609 2332 865 2392 consentaneum.
909 2326 989 2394 Cum
1013 2326 1097 2393 enim
1126 2332 1192 2393 tum
1222 2328 1290 2411 qui·

142 2427 217 2493 dem
239 2442 302 2492 non
324 2427 390 2512 iam
411 2425 562 2492 uideatur
581 2427 768 2492 constitutus
781 2424 888 2493 ‘fuisse
911 2433 1015 2494 eertus
1037 2420 1182 2510 quidam,
1205 2428 1292 2495 unde

141 2524 282 2612 reliquos
311 2532 529 2610 numerarent,
559 2542 724 2593 11111111-
745 2542 883 2610 numque
903 2528 993 2593 urbis
1013 2528 1161 2594 conditae
1188 2548 1291 2596 annus

141 2631 242 2696 multo
255 2636 329 2722 post
342 2627 504 2715 putandus
519 2635 567 2696 est
582 2642 652 2697 esse
668 2628 801 2697 effeetus
822 2656 864 2674 -ω
885 2624 978 2697 suum
994 2627 1160 2713 preprium
1174 2631 1291 2714 auique

141 2748 224 2798 anno
238 2730 359 2798 'indere
380 2731 542 2798 debebant
563 2746 689 2798 nomen.
742 2789 746 2795 ,

225 2834 274 2899 Ae
294 2834 431 2917 primum
453 2832 583 2916 quidem
610 2834 643 2898 in
668 2833 836 2901 annalibus
864 2832 1030 2917 maximis,
1058 2834 1288 2919 antiquissimis

139 2935 354 3000 Romanarum
380 2935 557 3001 litterarum
581 2937 811 3019 monumentis,
840 2950 942 3002 annos
971 2952 1013 3001 ux
1040 2936 1205 3002 consulum
1232 2957 1288 3002 no*

140 3034 277 3103 minibus
292 3038 393 3103 fuisse
406 3037 595 3119 nominatos,
618 3035 750 3103 Seruius
764 3032 897 3102 adnotat
911 3036 954 3102 ad
968 3035 1064 3120 Verg.
1076 3037 1155 3103 Aen.
1171 3038 1196 3120 I,
1211 3038 1288 3102 373:

137 3131 292 3205 ‘tabulam
325 3138 507 3205 dealbatam
640 3138 766 3221 inqua
797 3138 1004 3222 praescriptis
1036 3139 1201 3205 consulum
1232 3154 1288 3205 nu-

139 3230 305 3305 minibus'.

225 3338 308 3406 Tum
331 3356 533 3425 aequoque,
563 3356 647 3425 quae
667 3338 709 3408 ab
731 3340 914 3408 auctoribus
941 3342 1104 3408 ueteribus
1132 3356 1205 3408 esse
1231 3339 1286 3407 ‹ie-

139 3450 267 3529 sumpto
280 3441 429 3509 uidentur
444 3458 485 3510 ox
500 3440 600 3528 ipsius
614 3444 740 3531 priseae
755 3445 871 3510 aetatis
885 3443 986 3510 titulis
1000 3449 1055 3510 aut
1073 3443 1286 3527 inscriptioni·

138 3546 213 3631 bus,
237 3545 384 3612 eonsules
406 3544 576 3628 exhibent,
598 3551 634 3611 ut
654 3545 767 3613 foedus
788 3544 937 3611 Latinum
958 3547 1035 3611 anni
1056 3545 1221 3629 26111,
1244 3544 1286 3613 de

139 3665 202 3729 quo
227 3646 340 3714 (tieem
368 3648 441 3730 (pro
459 3647 550 3713 Balb.
573 3649 624 3729 23,
641 3648 708 3726 53):
743 3641 836 3714 ‘Cum
858 3647 981 3713 Lutinis
1003 3646 1149 3714 omnibus
1170 3646 1285 3714 foedus

139 3748 237 3815 iurum
259 3749 315 3834 Sp.
339 3747 449 3815 (tassio
471 3749 622 3815 Postume
644 3746 793 3815 Cominius
820 3749 1002 3816 oonsulibus
1032 3748 1105 3833 quis
1130 3750 1284 3834 ignorat?

139 3850 226 3932 quod
248 3850 378 3934 quidem
399 3866 501 3934 nuper
522 3851 556 3914 in
577 3851 725 3916 columna
745 3864 848 3916 aenea
866 3850 1070 3917 meminimus
1089 3857 1163 3935 post
1183 3857 1285 3918 rostra

138 3951 272 4018 inuisum
289 3958 322 4019 et
334 3952 546 4037 perscriptum
560 3942 676 4019 fuisse?
710 3951 820 4018 Liuius
835 3953 1074 4036 inseriptionem
1095 3955 1198 4038 ipsam
1220 3973 1284 4019 non

137 4052 202 4118 iam
236 4053 333 4137 uidit,
368 4053 426 4121 sed
455 4070 496 4120 ex
523 4053 702 4137 antiquiore
729 4060 859 4122 auctore
890 4056 1049 4121 transtulit
1077 4075 1158 4139 quae
1186 4050 1284 4121 refert

1030 4171 1081 4224 12*
