3108 4902
277 301 336 360 186
488 324 492 334 ’
700 305 839 362 conradus
857 306 996 364 (tichonius

274 474 416 541 Licinius
431 475 540 543 Macer
553 483 664 544 auctor
678 484 727 544 est
749 486 782 545 et
803 480 836 544 in
857 479 989 547 foedere
1004 479 1180 547 Ardeatino
1203 487 1236 551 et
1257 482 1291 548 in
1313 482 1419 552 linteis

274 576 366 643 libris
380 577 423 644 ad
437 578 584 646 Monetae
600 580 731 646 inuenta
753 585 808 658 (so.
824 583 955 649 nomina
969 582 1145 659 consulum)
1158 573 1201 658 ¹)’.
1235 584 1320 650 Tum
1334 572 1434 654 deci?

275 699 361 744 mum
377 680 521 762 quintum
534 680 734 748 afferendum
757 689 805 749 est
825 683 1052 768 fragmentum:
1072 678 1328 769 ‘magistratuum
1345 687 1420 754 libri

276 800 356 863 quos
384 781 499 848 linteos
527 783 561 848 in
587 782 669 850 aede
697 784 855 868 repositos
876 786 1025 853 Monetae
1046 787 1153 853 Macer
1175 786 1316 854 Licinius
1341 790 1421 857 citat

275 881 450 950 identidem
463 891 620 968 auctores,
640 887 776 969 septimo
791 893 875 971 ,post
889 887 1019 955 demum
1033 909 1116 954 anno
1132 909 1204 955 oum
1219 889 1256 954 T.
1271 888 1419 967 Quinctio

274 984 417 1063 Poen02)
439 986 469 1050 A
491 985 674 1053 Cornelium
696 987 830 1055 Cossum
853 991 1016 1056 consulem
1038 989 1179 1057 habeant
1194 1039 1202 1056 .
1218 1039 1226 1056 .
1243 980 1266 1055 .’
1313 992 1420 1058 Etiam

275 1086 308 1151 in
323 1086 501 1170 fragmento
520 1090 558 1152 16
581 1088 662 1165 (Liu.
680 1093 709 1171 7,
725 1092 754 1168 9,
772 1093 803 1168 3)
823 1091 932 1157 Macro
947 1090 1044 1158 debet
1058 1091 1170 1159 Liuius
1185 1092 1223 1157 T.
1237 1090 1421 1169 Quinctium

274 1190 417 1257 Poenum
440 1189 628 1257 dictatorem
650 1193 899 1299 magistrumque
915 1194 1056 1276 equitum
1072 1192 1140 1259 Ser.
1157 1192 1339 1260 Cornelium
1354 1195 1420 1261 Ma-

274 1293 483 1376 luginensem.

358 1395 532 1461 Praeterea
546 1393 599 1460 hic
622 1414 750 1478 quoque
772 1415 827 1479 ea,
850 1415 933 1479 quae
955 1397 1063 1463 aliena
1084 1398 1134 1463 usi
1155 1397 1279 1463 ratione
1293 1417 1349 1480 pro
1365 1396 1418 1463 Li-

275 1497 409 1563 cinianis
424 1494 604 1562 babuerunt
624 1498 685 1562 uiri
708 1498 804 1582 docti,
827 1533 869 1542 -
891 1496 1089 1565 Nitzschium
1104 1504 1207 1582 taceo,
1230 1499 1348 1583 quippe
1363 1501 1418 1582 qui

274 1597 403 1680 etipse
433 1616 474 1663 en
503 1598 745 1682 cognominibus
770 1603 872 1666 certos
894 1605 1058 1666 auctorum
1086 1600 1175 1666 locos
1201 1600 1357 1666 rettulerit
1376 1598 1419 1664 ad

274 1699 417 1765 Macrum
432 1734 474 1745 -
495 1701 567 1783 ipsa
582 1707 654 1767 sunt
673 1700 744 1784 ills,
762 1701 818 1767 ubi
833 1707 960 1768 exstant
973 1702 1061 1786 apud
1075 1701 1201 1767 Liuium
1216 1702 1420 1784 Dionysium·

275 1821 338 1886 que
365 1804 564 1887 cognomina.
614 1803 658 1871 Ut
677 1804 772 1870 Peter
793 1804 826 1881 (l.
843 1806 863 1871 l.
880 1824 911 1887 p.
928 1803 1226 1882 eooxxxxvffl)
1249 1823 1292 1870 ex
1313 1802 1420 1869 Macro

275 1902 391 1970 hausta
412 1924 482 1971 esse
506 1904 592 1970 Liuii
614 1905 688 1970 libri
711 1906 817 1988 quarti
839 1906 945 1989 capita
971 1907 1071 1968 1-23
1094 1905 1271 1972 luculenter
1292 1905 1421 1972 demon-

224 2064 225 2069 ,
275 2007 397 2089 enauit,
420 2008 453 2072 in
468 2007 584 2089 quibus
599 2011 690 2073 terna
711 2025 812 2089 usque
834 2013 991 2092 apparent
1013 2008 1177 2074 consulum
1199 2008 1329 2074 nomina
1349 2008 1420 2091 pari

274 2107 369 2174 modo
398 2112 495 2191 atque
520 2114 663 2174 exuema
685 2127 812 2190 quoque
835 2109 939 2191 quarti
961 2108 1035 2174 libri
1057 2113 1158 2191 parte,
1181 2129 1279 2192 quam
1296 2109 1419 2175 Licinio

275 2209 452 2277 uindicauit
471 2209 640 2277 Eduardus
660 2210 802 2277 Ltlbbcrt
822 2211 872 2277 De
888 2211 957 2276 Liu.
973 2206 1046 2277 libr.¹
1059 2211 1104 2276 lv
1126 2211 1202 2277 font.
1219 2232 1251 2296 p.
1268 2214 1318 2276 24.
1355 2211 1418 2277 Ne·

276 2331 338 2395 que
361 2313 454 2378 aliter
476 2332 547 2379 sese
570 2311 667 2378 habet
689 2331 740 2379 res
759 2313 793 2377 in
808 2313 887 2380 locis
902 2314 1052 2396 Dionysii
1067 2316 1096 2396 5,
1113 2315 1169 2395 613
1197 2317 1244 2396 11,
1260 2315 1312 2398 62,
1334 2314 1421 2380 aliis·

275 2434 337 2497 que
361 2434 440 2497 quos
462 2415 627 2498 Kiessling
648 2415 669 2479 l.
686 2415 706 2479 l.
722 2435 753 2498 p.
771 2418 810 2479 32
834 2421 866 2481 et
888 2416 928 2478 33
951 2414 1058 2481 Macro
1079 2414 1190 2481 tribuit
1199 2415 1234 2492 3).

360 2517 524 2583 Interdum
551 2523 659 2583 tamen
680 2516 823 2583 Macrum
852 2537 978 2600 quoque
1005 2517 1151 2584 omisisse
1177 2517 1367 2598 cognomina
1390 2521 1422 2580 et

275 2619 392 2685 docent
420 2619 566 2685 eonsules
595 2619 670 2684 anni
694 2621 772 2701 320,
801 2638 882 2701 quos
910 2618 1085 2685 secundum
1106 2618 1232 2683 Liuium
1256 2620 1297 2695 (4,
1314 2619 1355 2689 23
1378 2646 1422 2666 =

275 2720 355 2785 Mae.
371 2720 430 2802 frg.
449 2722 500 2797 14)
522 2720 706 2786 nominabat
728 2719 787 2798 (G.)
802 2719 919 2784 Iulium
934 2720 1061 2785 tertium
1080 2719 1140 2797 (b.)
1156 2718 1341 2801 Verginium
1362 2717 1422 2784 itc-

275 2840 355 2903 rum,
379 2826 411 2886 et
432 2821 515 2885 infra
536 2821 602 2886 alia
623 2840 727 2903 pauca
749 2820 918 2887 ostendent
939 2822 1097 2904 exempla.

360 2922 423 2988 Pro
439 2927 525 2988 certo
548 2922 644 3006 igitur
666 2927 743 3005 puto
758 2923 823 2987 iam
837 2941 932 3006 posse
947 2923 1043 2989 statui
1059 2922 1207 3013 omnium,
1231 2941 1311 3004 quos
1332 2925 1422 2990 noui·
1537 2910 1538 2927 ³

270 3023 363 3108 mus,
386 3024 549 3091 annalium
571 3025 759 3109 scriptorum
782 3024 919 3107 primum
941 3030 1038 3108 atque
1060 3044 1157 3090 unum
1183 3024 1323 3090 Macrum
1345 3025 1421 3097 inde

362 3211 387 3273 1)
404 3207 480 3260 Haec
497 3208 557 3276 ipsa
574 3221 607 3259 ex
624 3206 719 3262 Macro
736 3206 883 3277 sumpsisse
898 3205 1057 3277 Dionysium
1074 3209 1125 3273 (11,
1136 3210 1179 3272 62)
1201 3206 1349 3263 rectissime
1366 3223 1421 3262 mo·
1537 3230 1538 3251 ÷

275 3297 339 3347 nent
351 3292 501 3346 Mommsen
513 3290 590 3345 Rom.
599 3290 696 3346 Obroo.
709 3308 735 3361 p.
745 3295 786 3357 81),
804 3291 939 3360 Kiessling
950 3292 992 3346 l.l.
1005 3307 1033 3360 p.
1041 3294 1083 3356 32,
1098 3290 1179 3346 Peter
1186 3289 1257 3346 Hist.
1267 3292 1314 3347 rel.
1326 3309 1353 3362 p.
1362 3297 1419 3346 304.

360 3380 385 3444 2)
398 3369 520 3441 ‘Poeno',
544 3391 598 3431 non
617 3368 730 3430 ‘Penne'
753 3376 855 3431 habent
878 3376 984 3432 codices
1005 3376 1113 3431 Liuiani
1137 3379 1164 3430 ct
1185 3376 1229 3430 hic
1252 3382 1279 3430 et
1299 3378 1328 3431 in
1349 3376 1420 3442 frag·

274 3466 364 3517 mento
379 3465 422 3530 163
441 3460 476 3517 ci.
494 3460 575 3515 Peter
592 3460 637 3515 l.l.

361 3551 386 3614 3)
404 3548 478 3616 Quae
489 3547 613 3616 exposuit
625 3546 745 3614 Nimsch,
763 3545 820 3601 fere
833 3547 985 3615 congruunt
1001 3545 1108 3614 quidem
1126 3561 1187 3600 cum
1204 3560 1264 3600 mea
1280 3545 1420 3610 sententia,

274 3634 366 3687 Mmen
382 3632 467 3687 multa
477 3633 520 3687 uir
532 3632 703 3688 doctissimus
715 3630 838 3687 Macrum
856 3631 921 3686 dicit
938 3632 1084 3700 sumpsisse
1101 3645 1136 3685 ex
1147 3631 1266 3698 Antiate,
1283 3643 1351 3699 quae
1368 3629 1423 3698 ipsi

275 3715 367 3787 potius
384 3717 530 3787 Dionysius
548 3724 576 3772 et
592 3716 687 3771 Liuius
711 3731 744 3771 ex
767 3717 811 3770 illo
835 3717 1042 3771 transtulerunt.
1079 3715 1132 3784 Qui
1155 3717 1259 3783 euenit,
1282 3717 1312 3769 ut
1334 3714 1424 3769 secuti

275 3800 445 3856 Nitzschium
462 3801 491 3855 in
502 3802 590 3857 Macri
607 3816 714 3872 quoque
730 3801 849 3870 reliquiis
868 3802 967 3857 omissa
983 3802 1135 3857 uideremus
1148 3800 1316 3869 cognomina
1342 3799 1424 3854 Hunc

274 3886 408 3942 Mitzsohii
430 3901 548 3942 errorem
570 3888 674 3957 egregie
696 3886 826 3942 relumuit
845 3887 926 3941 Peter
945 3887 1016 3942 Hist.
1028 3887 1077 3943 rel.
1095 3903 1123 3956 p.
1134 3885 1240 3942 OOOXI
1257 3886 1319 3942 adn.
1333 3891 1354 3953 1,
1378 3884 1427 3955 qui

275 3971 423 4027 rectissime
442 3986 495 4026 non
513 3974 635 4041 potuisse
651 3972 787 4027 aLicinio
800 3971 935 4027 Valerium
947 3972 1097 4038 Antiatem,
1115 3971 1255 4038 aequalem
1272 3970 1359 4039 ipsius
1377 3969 1425 4026 ad·

244 4078 246 4081 ·
275 4055 363 4112 hiberi
380 4058 518 4113 auctorem
537 4057 693 4127 primarium
710 4057 836 4112 affirmat.
1401 4068 1406 4079 ’
