3108 4902
278 319 340 383 220
698 318 838 381 Comedus
855 318 997 377 catonus

277 497 374 577 gente
395 492 506 575 aliqua
527 491 696 559 exstabant
717 491 917 575 cognomina,
939 497 1005 557 tam
1027 509 1125 607 saepe
1146 491 1229 557 inter
1249 502 1286 559 re
1308 490 1424 561 discre-

276 599 399 679 parent.

364 694 430 763 Sed
458 695 662 778 cumprime
691 694 798 778 capite
819 694 1057 778 antiquissimos
1085 694 1200 777 fastos,
1229 714 1309 778 quos
1337 695 1424 780 apud

278 816 389 865 omnes
410 801 555 863 auctores
577 797 701 879 priores
723 796 918 880 inuenimus,
947 795 1075 863 omissis
1097 797 1339 880 cognominibus
1360 818 1425 869 nou

277 900 339 969 nisi
360 898 570 983 praenomina
590 918 630 964 ac
650 897 780 964 nomina
801 897 935 981 gentilia
956 898 1122 971 consulum
1143 899 1304 965 rettulisse
1320 904 1424 966 osten-

277 1000 389 1084 derim,
410 1000 598 1085 primarium
620 1018 693 1066 eum
714 998 855 1066 indicem
876 1005 990 1084 postea
1006 998 1087 1069 duos
1108 1006 1254 1067 auctores
1278 998 1424 1071 diuersos

276 1122 334 1170 suo
356 1107 525 1184 utrumque
546 1101 649 1168 Marte
670 1100 790 1169 additis
812 1101 1055 1185 cognominibus
1083 1100 1156 1168 dieo
1184 1103 1423 1187 suppleuisse.¹)
1539 1148 1540 1153 ι

276 1202 371 1283 Quod
392 1223 431 1270 eo
453 1202 603 1273 uidentur
623 1203 798 1270 instituisse
813 1203 958 1286 consilio,
980 1209 1016 1269 ut
1033 1204 1169 1270 eandem
1184 1203 1339 1271 fastorum
1360 1204 1422 1271 for-

276 1326 438 1391 mamper
460 1310 560 1372 totam
581 1305 704 1373 liberae
724 1305 923 1388 reipublicae
944 1310 1083 1373 aetatem
1105 1305 1277 1372 efficerent.
1314 1306 1423 1373 Poste

275 1409 411 1475 rioribus
426 1409 512 1474 enim
526 1407 724 1491 temporibus
739 1427 812 1473 cum
827 1413 917 1473 terna
938 1408 1083 1491 legerent
1106 1408 1270 1475 consulum
1283 1409 1420 1492 nomina,

275 1509 507 1593 antiquioribus
529 1528 657 1592 quoque
677 1514 713 1574 ut
735 1509 936 1576 uindicarent
963 1508 1156 1593 cognomina
1181 1508 1367 1575 studuerunt
1388 1516 1421 1579 ct

275 1630 318 1677 ex
340 1611 405 1694 eis,
435 1630 517 1693 qnae
540 1616 696 1677 nouerunt
716 1611 821 1694 gentis
848 1612 1011 1696 cuiusque,
1034 1611 1275 1695 cognominibus
1297 1611 1422 1695 singula

275 1713 442 1797 elegerunt
462 1717 560 1796 atque
581 1711 647 1778 illis
671 1712 849 1779 tribuerunt
869 1713 1053 1780 consulibus
1083 1714 1139 1796 qui
1164 1714 1365 1797 apparebant
1388 1714 1421 1778 in

275 1814 366 1881 fastis
379 1813 620 1897 antiquissimis.
653 1814 769 1897 Neque
783 1813 933 1880 uidentur
952 1834 1038 1881 noua
1059 1815 1122 1881 sibi
1144 1814 1346 1898 excogitasse
1360 1815 1422 1882 nisi
1538 1800 1540 1875 ἶ

274 1936 385 1982 eorum
406 1914 580 1999 hominum,
604 1935 739 1998 quorum
754 1936 826 1983 cum
842 1922 927 1984 esset
940 1917 1006 1982 iam
1020 1915 1146 2000 pridem
1160 1918 1319 1985 exstincta
1332 1938 1420 2002 gens,
1539 1952 1540 1963 ι

273 2038 338 2084 non
359 2017 566 2085 tradebantur
587 2019 787 2101 cognomina.

360 2118 440 2187 (lum
468 2124 576 2185 autem
605 2124 737 2202 uterque
766 2123 876 2186 auctor
908 2139 966 2186 suo
996 2118 1117 2186 iudicio
1146 2121 1338 2203 cognomina
1366 2121 1422 2185 illa

274 2218 426 2304 adderet,
454 2220 636 2287 necessario
666 2220 700 2285 in
726 2221 834 2287 mulds
857 2221 1099 2304 cognominibus
1128 2222 1211 2287 inter
1232 2241 1267 2287 se
1290 2241 1419 2288 consen-

274 2326 383 2388 serunt
410 2341 450 2387 ac
470 2323 608 2406 primum
629 2320 760 2404 quidem
782 2323 816 2386 in
837 2322 984 2388 omnibus
1007 2322 1070 2406 eis,
1097 2342 1179 2405 quae
1201 2323 1296 2388 unica
1318 2324 1420 2407 gentis

273 2423 410 2490 alicuius
432 2442 474 2489 ex
495 2423 554 2489 illa
574 2428 681 2490 aetate
702 2424 915 2492 innotuerunt.
958 2424 1073 2508 Itaque
1095 2425 1215 2490 factum
1238 2431 1301 2507 est,
1332 2425 1420 2490 utin

274 2530 409 2608 utraque
430 2525 583 2592 fastorum
605 2525 790 2592 recensione
812 2531 965 2593 nocentur
979 2526 1133 2592 Macerini
1150 2525 1295 2610 Geganii,
1317 2525 1420 2592 Eluae
1538 2570 1539 2577 ι

273 2626 415 2710 Aebutii,
437 2627 538 2697 Rutili
552 2627 673 2711 Nautii,
695 2627 848 2694 Mamerci
871 2629 936 2702 (uel
949 2628 1147 2706 Mamercini)
1170 2630 1347 2711 quicunque
1362 2648 1418 2711 ap-

272 2736 387 2812 parent
407 2733 483 2794 ante
504 2748 622 2795 annum
638 2732 700 2794 400
715 2750 746 2796 u.
762 2749 789 2796 c.
812 2730 954 2812 Aemilii,
976 2729 1128 2797 Vibulani
1143 2749 1253 2801 omnes
1267 2730 1419 2813 temporis

272 2829 488 2912 antiquissimi
508 2828 612 2897 Fabii.

357 2930 396 2997 In
416 2930 490 3003 aliis
511 2949 589 2998 casu
611 2931 734 3014 euenit,
757 2936 793 2997 ιιι
807 2950 849 2996 ex
863 2932 1081 3016 compluribus
1095 2933 1201 3016 gentis
1215 2934 1284 3001 eius
1303 2952 1418 3016 cogno·

272 3033 411 3107 minibus
432 3032 520 3105 idem
541 3037 675 3116 uterque
690 3033 825 3116 eligeret
845 3033 1001 3101 redactur.
1037 3032 1144 3118 Saepe
1165 3041 1272 3101 tamen
1292 3033 1328 3099 id
1343 3053 1416 3118 quo-

273 3153 335 3217 que
357 3132 493 3218 accidit,
520 3139 556 3200 ut
581 3135 664 3203 alter
685 3133 764 3216 hoc,
792 3135 874 3203 alter
901 3135 982 3201 illud
1008 3156 1184 3219 cognomen
1206 3136 1327 3203 maiore
1349 3156 1416 3203 cum

359 3389 385 3451 1)
401 3383 587 3453 Antiquiorem
599 3382 714 3439 nominis
725 3387 830 3453 partem
847 3384 876 3438 in
893 3384 974 3440 fastis
987 3399 1093 3454 quoque
1105 3399 1165 3440 osse
1176 3385 1285 3440 nomina
1301 3384 1415 3453 gentilia,
1535 3410 1536 3433 ι

272 3473 369 3539 postea
379 3473 470 3524 autem
482 3468 518 3525 ad
531 3482 565 3525 ea
575 3483 636 3524 esse
653 3468 746 3523 addita
764 3469 932 3538 cognomina,
949 3470 1014 3525 inde
1030 3469 1157 3536 dicitur,
1174 3470 1246 3539 quod
1262 3470 1415 3540 saepissime

272 3556 302 3609 in
318 3554 400 3615 rebus
417 3553 517 3613 aetatis
534 3553 737 3623 antiquissimae
753 3554 912 3609 enarrandis
928 3554 999 3609 inter
1016 3570 1046 3611 se
1063 3553 1265 3611 confunduntur
1287 3553 1415 3620 homines.

273 3640 319 3709 qui
335 3639 428 3695 eodem
445 3639 538 3707 gentili
555 3641 670 3694 utuntur
686 3638 802 3705 nomine,
820 3642 852 3693 ιιι
863 3637 981 3706 Quinctii
991 3639 1144 3695 Cincinnati
1158 3642 1185 3694 et
1196 3638 1348 3709 Capitolini,
1366 3638 1416 3694 Pa,

271 3723 335 3792 pirii
346 3722 476 3778 Cursores
495 3728 523 3778 et
539 3722 688 3792 Mugillani,
707 3722 814 3778 Seruilii
824 3723 929 3778 Ahalae
946 3729 973 3779 et
985 3724 1097 3790 Structi,
1114 3739 1252 3793 nunquam
1269 3727 1369 3791 autem,
1386 3727 1417 3777 ut
1534 3708 1535 3743 l

271 3808 302 3862 in
318 3807 434 3863 saeculis
444 3807 639 3864 recentioribus
651 3808 809 3878 saepissime
827 3814 948 3879 apparet,
966 3809 992 3864 ei
1008 3809 1070 3876 uiri,
1087 3809 1134 3879 qui
1150 3809 1264 3864 diosmis
1282 3825 1316 3863 ex
1332 3809 1417 3878 genti-

272 3893 324 3948 bus
342 3892 449 3946 oriumdi
466 3892 557 3947 eadem
573 3898 671 3961 gerunt
688 3893 858 3963 cognomina,
882 3898 914 3948 ut
929 3894 1034 3950 Claudii
1050 3900 1078 3949 et
1093 3895 1225 3950 Postumii
1242 3894 1417 3963 Regillemas,

273 3976 379 4033 Claudii
395 3981 423 4031 et
439 3977 544 4032 Veturii
561 3982 589 4032 et
605 3978 707 4049 Papirii
725 3979 829 4046 Crassi,
852 3978 948 4034 Manlii
967 3985 997 4034 et
1013 3979 1132 4048 Quinctii
1150 3980 1309 4049 Oapitolini‚
1332 3978 1418 4047 Sergii

272 4068 300 4117 et
317 4062 424 4118 Seruilii
439 4060 593 4117 Fidenates.
