3108 4902
261 325 323 385 198
686 322 828 378 Conradus
845 321 986 378 Cichorlus

259 500 336 566 fasti
368 503 476 564 autem
509 495 683 579 Capitolini
717 489 767 579 [ac
799 492 1087 577 chronographus,
1117 488 1293 561 ‘Mamerco
1316 493 1350 558 Π
1382 500 1416 560 66

261 590 418 684 Structo’]
452 598 630 666 ordinarios
662 597 710 673 (L.
739 596 914 663 Aemilium
942 595 1137 689 Mamercum
1173 595 1209 661 C.
1232 594 1415 673 Seruilium)

260 702 423 769 Structum
437 699 587 782 Ahalam,
609 698 778 765 suffectum
795 748 803 762 .
820 747 827 762 .
845 747 852 763 .
868 697 1070 781 Esquilinum
1082 700 1115 774 ¹).
1153 697 1239 780 Ergo
1261 696 1315 763 hic
1337 717 1415 780 quo-

261 823 325 888 que
346 804 486 870 alienam
502 823 524 867 a
538 801 793 885 Capitolinorum
808 801 962 867 fastorum
977 800 1166 866 memoriam
1181 800 1325 882 sequitur
1339 798 1412 866 Ida·

260 908 324 973 tius
346 925 385 971 ac
406 903 611 971 confirmatus
633 899 765 985 quidem
787 902 971 968 testimonio
994 901 1153 984 Dionysii.

345 1006 459 1089 Neque
487 1025 571 1070 anno
598 1006 660 1068 326
689 1022 762 1070 cum
791 1001 981 1086 Capitolinis
1009 1003 1211 1069 consentiunt
1237 1002 1313 1069 fasti
1340 1001 1415 1067 lda-

260 1108 350 1174 tiani.
393 1108 459 1175 Ubi
480 1108 562 1172 alios
583 1110 730 1172 auctores
751 1111 860 1171 narrat
876 1105 988 1171 Liuius
1011 1106 1054 1187 (4,
1069 1107 1123 1180 23)
1145 1103 1317 1187 perhibere
1341 1123 1416 1170 con·

261 1209 357 1292 sules,
372 1209 455 1275 alios
469 1209 613 1289 tribunos
629 1207 785 1273 militares
807 1206 966 1273 consulari
987 1211 1157 1289 potestate.
1201 1206 1250 1273 Ac
1271 1207 1416 1275 tribunos

261 1311 392 1394 quidem
414 1311 551 1394 legimus
572 1308 661 1394 apud
675 1307 854 1374 Diodorum
869 1310 933 1391 (12,
950 1309 1012 1391 53),
1029 1309 1109 1374 etin
1124 1308 1315 1391 Capitolinis
1337 1329 1415 1393 quo-

261 1433 324 1497 quc
353 1413 472 1480 tabulis
495 1431 550 1479 eos
573 1411 736 1478 exstitisse
765 1411 1004 1492 elegantissima
1033 1409 1250 1492 disputatione
1283 1410 1414 1477 demon-

261 1516 375 1581 strauit
397 1515 574 1580 Mommsen
596 1511 701 1589 (Rom.
716 1509 847 1575 Ferret.
861 1512 903 1593 Π,
927 1514 1018 1595 222);
1041 1531 1116 1577 nam
1139 1531 1212 1579 cum
1234 1511 1308 1594 duo,
1330 1531 1415 1596 quae

262 1610 533 1699 Chronographus
563 1615 677 1698 habet,
706 1616 837 1681 nomina
865 1634 930 1680 non
960 1612 1101 1680 efficiant
1130 1615 1267 1681 alterum
1296 1634 1416 1698 eorum,

350 1785 374 1846 1)
392 1781 516 1836 Consulis
529 1780 636 1835 suffecti
647 1780 675 1834 iu
686 1779 765 1836 fastis
778 1779 937 1850 Capitolinis
956 1796 1039 1835 unum
1052 1783 1142 1835 exstat
1153 1794 1300 1848 cognomen
1313 1774 1417 1846 (811111-

263 1863 374 1933 11Ν118’,
392 1865 428 1919 ad
440 1864 512 1933 quod
527 1864 637 1934 supplet
653 1863 765 1919 Henaen
783 1864 823 1929 (C.
834 1865 854 1918 Ι.
865 1864 898 1919 L.
917 1865 931 1918 Ι
948 1882 975 1934 p.
985 1869 1036 1919 443
1054 1864 1089 1919 61.
1102 1863 1252 1918 Mommsen
1267 1864 1305 1920 ib.
1318 1881 1346 1934 p.
1357 1868 1418 1934 488)

260 1951 438 2019 Borghesium
455 1955 566 2005 secutus
583 1950 674 2020 [Opet.
684 1949 828 2017 Verginius
846 1949 925 2018 Opet.
940 1948 960 2004 1.
971 1949 1049 2017 Opet.
1066 1965 1093 2003 n.
1105 1948 1222 2004 Tricost.
1232 1948 1418 2017 Esquilinus,

262 2035 325 2103 qnia
342 2035 437 2090 Liuius
455 2035 541 2090 eidem
558 2035 591 2089 L.
609 2034 739 2102 Aemillo,
762 2035 809 2103 qui
826 2035 922 2090 consul
939 2039 981 2090 est
999 2037 1063 2099 216,
1082 2033 1211 2102 collegam
1229 2034 1277 2089 dat
1295 2034 1417 2103 Opitrem

260 2118 417 2187 Verginium
434 2120 515 2189 plane
531 2120 654 2187 ignotum
670 2134 742 2174 anno
761 2122 821 2174 281.
857 2119 952 2189 Neque
968 2123 1061 2174 tamen
1078 2118 1210 2174 adsentiri
1226 2134 1338 2189 possum
1354 2120 1415 2174 uiro

262 2218 343 2272 quam
360 2205 475 2259 maxime
492 2204 558 2258 mihi
575 2204 746 2271 uenerando,
764 2219 828 2258 nam
847 2220 908 2259 cum
925 2204 1068 2273 diligenter
1085 2204 1174 2260 locum
1191 2203 1266 2258 illum
1283 2204 1418 2260 fastorum

262 2289 478 2358 Capitolinorum
501 2289 606 2344 Romae
629 2290 733 2344 contuli
755 2289 872 2359 spatium
896 2289 952 2345 uidi
974 2289 1048 2344 haud
1070 2287 1197 2345 sufficere
1224 2288 1419 2359 supplementis

260 2374 390 2429 Henneni.
418 2374 521 2429 Versus
534 2375 603 2428 enim
614 2375 809 2443 praecedentis,
828 2390 881 2444 quo
894 2390 967 2429 mors
980 2374 1100 2430 consulis
1112 2373 1241 2429 ordinarii
1254 2379 1350 2428 notata
1366 2378 1418 2439 est,

261 2459 476 2527 quattuordecim
488 2459 628 2529 perierunt
639 2460 758 2529 litterae3
778 2475 839 2514 cum
850 2463 942 2514 autem
958 2460 987 2513 in
1002 2459 1093 2528 lapide
1104 2473 1202 2515 nomeu
1215 2458 1321 2514 suffecti
1332 2461 1418 2527 magi-

261 2549 362 2599 stratus
379 2558 435 2600 una
453 2543 498 2598 uel
516 2544 623 2600 duabus
640 2544 739 2599 litteris
757 2549 821 2599 ante
839 2544 926 2600 soleat
942 2545 1069 2613 incipere,
1088 2559 1169 2613 quam
1186 2543 1231 2598 ille
1245 2558 1351 2608 uersus,
1370 2545 1419 2613 qui

260 2634 396 2684 mortuum
413 2644 472 2693 esse
490 2629 556 2684 dicit
573 2629 738 2684 ordinarium
755 2629 880 2695 (61666.
895 2632 986 2684 29666
1001 2632 1070 2695 361),
1088 2629 1203 2684 6666616
1221 2628 1356 2698 Esquilini
1372 2629 1418 2684 lit-

260 2719 336 2768 terae
353 2714 468 2767 maxime
485 2714 638 2781 quindecim
655 2714 789 2768 excidisse
807 2714 942 2768 uidentur.
977 2713 1090 2768 Henaen
1108 2719 1200 2769 autem
1223 2714 1328 2768 litteras
1351 2730 1419 2783 sup·

260 2799 318 2866 plet
336 2802 378 2865 31,
402 2811 469 2865 quas
484 2812 602 2852 marmor
620 2812 716 2868 capere
733 2814 789 2853 non
807 2799 928 2867 potuisse
945 2799 1008 2854 inde
1026 2814 1133 2868 quoque
1150 2799 1321 2867 intellegitur,
1344 2799 1421 2868 quod

261 2882 290 2934 in
308 2881 360 2935 hoc
377 2880 439 2949 ipso
451 2881 586 2951 Esquilini
604 2881 711 2937 nomine
729 2882 827 2936 latiore
838 2898 918 2952 quam
935 2882 964 2938 in
981 2884 1104 2953 plurimis
1120 2884 1180 2938 aliis
1193 2884 1281 2952 spatio
1298 2883 1371 2938 inter
1388 2899 1421 2939 se

261 2966 365 3019 distant
381 2964 497 3020 litterae.
526 2966 567 3020 Ac
580 2982 634 3035 quo
645 2965 753 3022 facilius
768 2965 969 3034 distinguantur
986 2968 1021 3021 ab
1040 2966 1183 3021 ordinariis
1201 2965 1307 3022 suffecti
1324 2966 1421 3036 paullo

259 3055 335 3104 retro
353 3051 435 3119 atque
452 3050 492 3104 illi
508 3056 648 3119 ponuntur
665 3051 694 3106 in
711 3051 824 3119 singulis
841 3052 975 3119 uersibus,
992 3052 1032 3106 ita
1049 3055 1081 3106 ut
1098 3067 1269 3122 nequaquam
1281 3066 1353 3107 anno
1367 3056 1420 3107 216
1538 3062 1539 3071 ’

259 3134 383 3204 Verginii
399 3150 498 3190 nomen
509 3135 641 3205 scriptum
653 3151 713 3191 esse
724 3137 852 3206 potuerit.
879 3136 991 3192 Praeter
1002 3136 1145 3206 Verginius
1157 3137 1204 3192 illa
1215 3139 1305 3192 aetate
1317 3136 1421 3206 Esqui·
1538 3142 1539 3183 ς

259 3220 309 3274 1161
326 3221 484 3289 cognomine
502 3221 650 3276 utebantur
666 3221 780 3276 Minucii
797 3224 826 3277 st
842 3221 937 3291 Sergii.
964 3222 1070 3290 Quodsi
1086 3222 1297 3288 consideramus,
1314 3222 1421 3291 Diony-

260 3306 339 3372 sium,
359 3321 474 3373 quocum
493 3306 645 3361 consentire
662 3306 781 3362 idatium
797 3307 852 3362 iam
869 3306 979 3375 saepius
996 3307 1128 3375 uidimus,
1150 3306 1232 3362 huius
1249 3307 1335 3376 ipsius
1352 3308 1421 3362 anni

260 3390 377 3460 prodere
396 3390 534 3445 consulem
552 3391 581 3446 C.
600 3390 738 3460 Sergium,
762 3407 816 3447 nou
839 3391 893 3445 ium
918 3393 960 3446 est
977 3391 1100 3457 dubium,
1124 3392 1190 3461 quin
1213 3392 1242 3445 16
1259 3390 1421 3460 Capitolinis

259 3490 368 3546 quoque
389 3475 468 3530 iestis
487 3475 516 3531 C.
536 3476 644 3546 Sergius
662 3475 820 3546 Esquilinus
841 3476 925 3531 luerit
946 3477 1102 3533 nominatus
1125 3477 1235 3541 consul,
1257 3476 1423 3546 praesertim

261 3575 324 3616 cum
336 3560 437 3629 optime
455 3562 600 3616 conueniat
616 3561 703 3631 Sergii
719 3576 817 3616 nomen
834 3573 895 3617 cum
912 3561 1064 3616 litterarum
1076 3560 1277 3631 deperditarum
1294 3575 1420 3616 numero.

260 3645 423 3700 Continetur
435 3646 505 3701 enim
514 3662 612 3702 nomen
622 3640 666 3701 ‘C
676 3646 786 3715 Sergius
794 3687 802 3701 .
810 3687 816 3699 .
824 3645 844 3699 1.
854 3663 889 3702 ,6.
899 3640 1126 3713 EJSQvltlers’,
1138 3645 1231 3702 addita
1242 3648 1309 3700 nota
1318 3659 1422 3714 gonsa-

259 3730 349 3797 lcgiea
359 3729 490 3785 tredecim
500 3731 597 3787 litteris
609 3746 660 3787 nec
671 3731 764 3801 plures
777 3746 857 3801 quam
869 3731 1022 3801 quindecim
1040 3731 1172 3787 excidisse
1189 3746 1275 3800 supra
1292 3731 1422 3801 exposui.
1537 3728 1538 3755 ³

259 3814 377 3869 Accedit
393 3814 465 3884 quod
483 3817 553 3872 alius
571 3815 601 3872 C.
620 3815 731 3886 Sergius
747 3816 922 3885 Esquilinus,
947 3830 1027 3886 quem
1043 3816 1129 3872 filium
1146 3816 1264 3872 fortasse
1280 3819 1425 3887 putabant

260 3899 379 3955 consulis
393 3903 443 3955 216
456 3901 502 3966 (ci.
515 3901 847 3971 responsiunculam
858 3902 963 3958 tribuni
973 3901 1006 3957 L.
1016 3901 1102 3971 Sergii
1118 3901 1149 3956 C.
1160 3900 1179 3957 1.
1191 3900 1220 3956 C.
1231 3918 1258 3956 6.
1268 3900 1425 3972 Fidenatis,

158 4032 161 4037 ⁴
260 3998 332 4038 anno
347 3986 417 4053 336),
433 3985 585 4041 aDiodoro
603 3987 729 4054 (conlatis
745 3986 825 4044 iustis
839 3985 1008 4056 Capitolinis)
1026 3985 1143 4042 refertur
1159 3985 1231 4041 inter
1248 3984 1425 4045 decemuiros

259 4068 326 4124 anni
343 4071 402 4125 304.
