3108 4902
212 315 273 375 178
634 310 776 368 (loma-dus
793 308 934 366 dichorius

297 488 346 554 Ao
367 486 504 570 primum
527 485 635 551 omnia
656 503 705 568 ea,
728 503 811 567 quae
832 462 1012 550 inuenimus
1033 480 1148 548 hausta
1162 501 1183 548 a
1197 483 1360 566 scriptori-

211 590 273 656 bus
295 608 337 655 ex
358 588 499 672 ipsorum
520 586 662 670 priorum
680 586 878 652 saeculorum
899 585 1000 651 titulis
1014 585 1291 668 monumentisque
1312 586 1359 651 in-

213 692 351 775 scriptis,
372 690 419 757 nil
439 689 502 755 nisi
523 688 732 772 praenomina
753 686 908 754 exhibent
928 687 1047 754 ciuium
1068 687 1282 753 Romanorum
1302 707 1360 755 no·

213 794 364 876 minaque
375 790 547 876 gentilicia,
563 790 690 857 omissis
701 790 953 874 cognominibus.
976 788 1080 873 Talia,
1095 808 1178 872 quae
1189 788 1361 856 uideantur

213 895 257 962 ad
270 895 393 979 priscos
415 913 471 961 ecs
489 892 594 959 fontes
614 897 688 958 ante
709 911 828 958 annum
842 894 905 956 400
926 890 1101 975 insculptos
1122 890 1228 958 redire
1250 892 1359 958 inueni

214 997 310 1065 haec:

300 1103 328 1164 1.
350 1097 477 1165 Titulus
505 1095 617 1180 templi
638 1096 726 1163 Iouis
748 1095 937 1179 Capitolini,
964 1096 1054 1163 cuius
1082 1094 1124 1161 de
1146 1094 1360 1181 dedicatione,

212 1221 296 1268 anno
318 1221 349 1267 u.
365 1221 393 1267 c.
409 1202 471 1263 245
500 1199 601 1281 facta,
628 1204 737 1264 narrat
758 1198 933 1281 Dionysius
944 1198 965 1275 ¹)
995 1202 1024 1280 5,
1041 1200 1096 1263 35:
1129 1193 1189 1283 τὴν
1211 1188 1243 1260 δ’
1270 1189 1361 1264 ἆνιέ-

214 1323 317 1390 ρωσιν
345 1302 401 1366 καὶ
433 1296 493 1384 τὴν
523 1295 760 1386 ἐπιγραφὴν
793 1297 891 1381 ἔλαβε
919 1295 1092 1385 Μάρκος
1117 1292 1308 1386 Ὁράτιος
1340 1297 1359 1366 ὃ

215 1403 325 1492 ἕτερος
346 1405 412 1468 τῶν
433 1396 581 1467 ὑπάτων.
618 1402 762 1469 Τίίσίιιια
782 1401 881 1469 fuisse
903 1402 936 1466 in
957 1400 1049 1468 aede,
1061 1401 1119 1468 illa
1140 1420 1182 1468 ex
1196 1400 1359 1469 Plutarchi

214 1525 342 1591 quoque
357 1506 429 1572 loco
445 1505 548 1591 (Popl.
564 1504 616 1582 14)
630 1509 708 1587 puto
722 1522 889 1591 apparere,
909 1505 966 1570 ubi
979 1503 1171 1571 adscribitur
1185 1503 1255 1570 dies
1268 1503 1359 1570 dedi-

214 1609 364 1676 cationis:
388 1604 491 1682 εἰδοῖς
512 1588 569 1671 οὖν
584 1609 828 1691 Σεπτεμβρίαις
848 1655 906 1672 ...
928 1599 946 1670 ὃ
960 1599 1115 1691 Ὡράτιος
1133 1653 1141 1670 .
1158 1654 1166 1669 .
1182 1654 1190 1671 .
1207 1602 1361 1691 ἐπέραινε

213 1706 273 1795 τὴν
295 1757 353 1774 ...
376 1710 590 1794 καθιέρωσιν.

299 1813 328 1874 2.
361 1811 530 1895 Inscriptio
559 1812 593 1875 in
621 1808 703 1877 aede
732 1808 877 1892 Saturni,
907 1827 991 1875 anno
1012 1810 1074 1873 253
1097 1829 1128 1875 u.
1144 1829 1172 1876 c.
1200 1809 1361 1896 dedicata,

214 1933 311 1998 quam
332 1919 365 1980 et
385 1912 487 1979 Varro
509 1918 542 1979 et
562 1917 674 1978 auctor
695 1911 845 1994 Dionysii
869 1909 1018 1977 uidentur
1038 1912 1176 1978 nouisse.
1219 1912 1360 1980 Macrob.

214 2022 273 2082 sat.
291 2020 320 2099 1,
336 2016 365 2099 8,
384 2019 417 2080 1:
446 2006 560 2080 ‘Varro
588 2014 671 2080 libro
699 2018 791 2080 sexto
819 2013 874 2090 (sc.
904 2013 1128 2095 antiquitatum
1156 2012 1360 2099 diuinarum),

214 2118 270 2199 qui
298 2122 347 2183 est
376 2115 417 2181 de
445 2116 544 2182 sacris
572 2113 723 2198 aedibus,
752 2115 863 2180 scribit
889 2113 1004 2181 aedem
1033 2113 1161 2181 Saturni
1188 2115 1232 2182 ad
1259 2117 1362 2184 forum

214 2216 395 2284 faciendam
421 2217 545 2284 locasse
567 2216 603 2281 L.
619 2216 829 2299 Tarquinium
856 2235 981 2300 regem,
1011 2217 1142 2283 Titum
1170 2237 1246 2283 uero
1268 2219 1360 2285 Lar-

215 2321 317 2386 cium
344 2317 533 2385 dictatorem
555 2316 777 2384 Saturnalibus
802 2337 873 2384 eam
896 2310 1090 2386 dedicasse.
1134 2320 1268 2405 Dionys.
1285 2323 1361 2405 o,1:

214 2416 274 2502 τὴν
295 2416 331 2484 δὲ
355 2414 611 2506 (ἐπι)νραφὴν
632 2420 691 2504 τῆς
714 2415 874 2505 ἱδρύσεως
895 2420 955 2484 τοῦ
975 2420 1057 2485 ναοῦ
1077 2417 1165 2496 τινὲς
1186 2419 1246 2503 μὲν
1269 2420 1361 2486 ἱστο-

215 2522 311 2609 ροῦσι
333 2520 447 2603 λαβεῖν
465 2527 590 2586 Τῖτον
604 2517 795 2607 Λάρκιον
817 2516 876 2586 τὸν
897 2515 1131 2587 ὑπατεύσαντα
1145 2523 1194 2606 τῷ
1206 2520 1361 2608 πρόσθεν

215 2621 356 2707 ἐνιαυτῷ
377 2673 386 2689 .
402 2672 411 2688 .
427 2672 436 2689 .
457 2618 518 2708 τὴν
533 2620 570 2688 δὲ
587 2625 791 2709 καθιέρωσιν
812 2623 872 2687 τοῦ
887 2625 968 2688 ναοῦ
983 2623 1096 2706 λαβεῖν
1111 2620 1360 2707 Πόστουμον

215 2729 419 2807 Κομίνιον
440 2721 525 2788 κατὰ
547 2716 710 2810 ψήφισμα
730 2723 865 2808 βονλῆςε
896 2726 936 2792 cf.
958 2725 1076 2793 Matzat
1090 2725 1181 2791 Rom.
1199 2723 1312 2790 Οίινοα.
1327 2729 1361 2793 ΙΙ

214 2827 283 2911 p.8
305 2825 378 2892 adn.
392 2830 421 2891 7.

302 2930 331 2992 3.
360 2926 489 2994 Foedus
510 2928 659 2994 Latinum
680 2929 757 2994 anni
778 2930 852 3013 261,
874 2927 916 2996 dc
938 2949 1000 3013 quo
1023 2950 1121 3013 supra
1142 2929 1221 3015 dixi,
1242 2924 1289 2996 ‘in
1310 2951 1362 2998 co-

216 3030 326 3096 lumna
347 3048 449 3097 aenea
472 3028 549 3108 (Oic.
565 3050 624 3114 pro
639 3030 731 3096 Balb.
751 3032 803 3111 23,
820 3033 877 3114 533
905 3031 975 3098 Liu.
998 3034 1028 3115 2,
1043 3033 1094 3114 33,
1110 3032 1141 3110 9)
1166 3026 1361 3100 incisum'.

215 3130 272 3215 Sp.
288 3130 435 3199 Cassium
450 3131 536 3199 Post.
553 3131 733 3199 Cominium
755 3133 902 3200 consules
917 3134 1043 3200 omissis
1066 3136 1307 3218 cognominibus
1328 3136 1361 3201 in

217 3254 256 3300 eo
278 3234 457 3300 nominatos
479 3233 577 3300 fuisse
599 3235 663 3301 iam
686 3235 804 3300 monui.

300 3339 330 3400 4.
354 3335 496 3401 Titulum
518 3335 616 3402 fuisse
631 3335 723 3403 aedis
737 3336 897 3402 Fortunae
919 3337 1092 3420 muliebris,
1115 3357 1197 3421 quae
1212 3336 1361 3404 dedicata

216 3442 266 3504 est
279 3457 364 3504 anno
379 3438 452 3520 268,
474 3443 507 3503 et
522 3456 564 3503 ex
577 3443 726 3504 accurate
740 3436 852 3504 addita
867 3436 1079 3505 dedicationis
1096 3438 1150 3506 dic
1172 3443 1205 3505 et
1226 3458 1268 3506 ex
1288 3440 1360 3505 reli-

216 3538 288 3620 quis
317 3558 399 3622 quae
431 3539 525 3605 attuli
557 3539 780 3622 inscriptorum
814 3540 1003 3623 templorum
1038 3541 1195 3626 exemplis
1227 3540 1361 3608 fortasse

216 3644 323 3721 potest
351 3640 456 3706 statui.
501 3639 595 3706 Dion.
619 3641 649 3722 8,
665 3644 705 3704 55
733 3638 794 3705 hac
820 3637 861 3706 dc
883 3658 918 3705 re
946 3642 992 3707 ita
1012 3647 1135 3707 namot:
1164 3634 1362 3728 καθιερώθη

217 3738 409 3804 Κοιντιλίου
441 3737 545 3827 μηνὸς
577 3737 700 3826 ἑβδόμῃ
728 3738 877 3823 μάλιστα
903 3738 987 3806 κατὰ
1014 3739 1152 3828 σελήνην
1178 3791 1249 3807 ...
1278 3737 1296 3807 ὁ
1326 3740 1364 3807 δὲ

304 3976 329 4040 1)
345 3972 439 4043 Neque
455 3978 545 4030 umen
562 3975 622 4045 ipsa
638 3975 785 4050 Dionysius
808 3976 901 4032 titulos
924 3976 986 4032 illos
1002 3977 1084 4043 uidit,
1107 3975 1155 4032 scd
1176 3990 1247 4045 quae
1268 3975 1302 4030 de
1324 3975 1366 4031 cis

215 4057 329 4128 proicit,
346 4058 505 4114 auctoribus
523 4059 580 4116 suis
597 4060 684 4127 debet,
702 4061 817 4117 maxims
833 4059 970 4117 amulium
988 4061 1173 4132 scriptoribus.
