3108 4902
419 355 461 412 De
477 354 555 413 fastis
573 352 761 412 conaularrhus
778 353 977 425 antiquissimis.
1207 357 1269 419 255

127 528 215 597 ciose
236 528 365 596 inuenta
388 529 484 611 corbi,
508 546 571 611 qua
592 545 729 612 anguem
743 526 905 610 ingentem
919 534 1069 612 caperent
1086 535 1269 614 senatores,

125 631 242 700 eodem
265 631 369 716 capite
398 631 460 697 hac
481 630 609 698 notione
636 630 732 698 etiam
757 634 927 714 usurpatur
950 629 1270 719 πεφιλοτεχνημένον

126 741 223 820 atque
250 753 314 800 nna
341 735 518 801 referuntur
542 731 735 818 φιλοτεχνίᾳ
761 754 798 797 τε
825 732 881 797 καὶ
910 729 1009 816 δόλῳ.
1055 731 1135 800 Cum
1162 740 1270 801 autem

124 836 264 904 Atticum
279 838 448 902 stemmate
468 833 511 900 ad
532 854 642 918 regum
666 833 867 918 expulsorem
891 832 1058 900 reduxisse
1080 834 1121 900 hl.
1137 834 1269 903 Brutum

126 945 249 1007 constet
262 943 359 1020 atque
373 936 407 1002 in
421 934 559 1020 epistula
572 935 630 1002 illa
643 953 748 1003 sermo
763 936 805 1002 sit
821 934 862 1002 de
871 934 969 1003 Bruto
984 939 1016 1002 et
1027 934 1174 1020 Caesare,
1191 937 1270 1004 mihi

127 1040 255 1125 quidem
276 1040 418 1107 uoniam
433 1044 483 1105 est
497 1036 638 1122 dubium,
660 1035 737 1122 quin
752 1037 839 1105 dicat
852 1035 962 1104 Cicero
984 1042 1153 1105 stemmata
1172 1037 1271 1104 artifi-

126 1144 211 1211 ciose
239 1143 281 1209 ab
303 1140 410 1208 Attico
440 1140 631 1225 composita,
657 1139 772 1223 quihus
792 1137 883 1205 Bruti
904 1140 1042 1207 mdorcs
1064 1146 1096 1208 et
1117 1138 1270 1207 Seruilios

126 1250 158 1311 ct
180 1244 288 1311 Iunios
309 1261 411 1325 usque
432 1241 475 1308 ad
490 1242 627 1310 Ahalam
649 1240 745 1309 etad
767 1241 802 1307 L.
823 1241 956 1308 Brutum
977 1240 1216 1325 enumerauerit,
1239 1246 1271 1309 et

125 1353 293 1428 utrumque
322 1343 495 1411 ostenderit
522 1363 593 1411 esse
620 1363 716 1410 auum
744 1344 786 1411 ll.
814 1343 914 1410 Bruti.
964 1342 1147 1411 Ciceronem
1175 1343 1272 1428 igitur

124 1451 295 1516 stemmata
309 1465 349 1513 ea
362 1445 484 1513 uidisse
499 1445 619 1513 conicio
641 1444 729 1529 picta
749 1445 783 1512 in
804 1445 916 1512 tabula
930 1446 982 1512 uel
1003 1444 1125 1530 pariete
1139 1445 1271 1512 Parthe-

124 1548 217 1618 nonis
239 1547 346 1632 Attici,
368 1546 492 1614 scilicet
511 1547 545 1613 in
566 1545 761 1613 bibliotheca
782 1546 859 1613 eius.
901 1547 986 1613 Nam
1008 1546 1049 1615 ah
1071 1548 1142 1631 ipso
1164 1547 1271 1614 Attico

125 1647 349 1736 φιλοτέχνημα
370 1648 453 1715 illud
474 1666 545 1715 esse
567 1646 760 1731 confectum,
785 1667 826 1714 ex
848 1645 960 1715 addito
981 1649 1136 1717 uocabulo
1156 1641 1266 1717 ‘tuum

123 1751 328 1835 intellegitur.

205 1852 326 1935 Quodsi
347 1851 447 1919 Attici
473 1871 545 1919 esse
573 1870 644 1918 eam
666 1850 906 1935 propagationis
928 1851 1072 1917 tabulam
1092 1851 1270 1936 statuimus,

124 1957 205 2023 miro
228 1954 334 2023 euenit
348 1972 434 2032 casu,
458 1959 494 2020 ut
515 1953 549 2020 in
563 1950 751 2038 Capitolinis
772 1953 864 2021 fastis
885 1952 949 2019 duo
965 1952 1271 2038 comprehendantur

126 2062 292 2143 corruptae
306 2055 478 2124 memoriae
493 2054 639 2140 uestigia,
662 2073 744 2138 quac
762 2055 806 2122 ad
819 2054 923 2140 ipsam
943 2074 1016 2122 eam
1030 2054 1120 2122 Bruti
1135 2054 1272 2140 origina-

125 2160 244 2227 tionem
264 2157 459 2229 fulciendam
480 2156 628 2225 uidentur
649 2175 719 2223 esse
740 2154 883 2224 conficta.

210 2260 351 2327 Primum
373 2260 458 2324 enim
479 2262 514 2324 ut
534 2277 565 2341 p.
582 2261 643 2322 242
667 2258 800 2343 exposui
810 2257 978 2327 Eduardus
993 2259 1137 2326 Llibhert
1156 2256 1271 2327 disser-

124 2362 247 2431 tatione
260 2361 311 2428 De
333 2359 436 2441 gentis
451 2357 617 2438 Quinctiae
632 2360 867 2427 commentariis
882 2361 1064 2428 domesticis
1080 2360 1159 2446 (Kil.
1175 2363 1271 2441 1876)

125 2487 157 2551 p.
176 2468 211 2528 17
237 2461 365 2547 egregia
387 2459 541 2542 ostendit,
563 2460 619 2545 Sp.
642 2457 778 2527 Seruilio
800 2460 943 2544 Structo,
965 2463 1091 2529 tribuno
1113 2462 1271 2530 consulari

124 2567 201 2634 anni
212 2569 274 2631 386
289 2565 404 2631 falsam
420 2561 615 2646 adscriptam
627 2580 698 2629 esse
708 2561 742 2626 in
751 2560 842 2629 isatis
854 2561 1043 2645 Capitolinis
1057 2568 1164 2630 notam
1175 2582 1270 2645 genc-

125 2670 284 2753 alogicam
302 2661 433 2733 ‘otc
445 2655 483 2730 n?
508 2685 566 2749 pro
586 2658 634 2731 ‘C
650 2656 767 2731 sun?
793 2669 826 2730 et
846 2684 885 2731 ea
905 2662 1034 2746 quidem
1048 2663 1090 2731 dc
1107 2683 1213 2748 causa,
1235 2671 1271 2731 ut

123 2792 146 2838 a
161 2770 196 2836 C.
213 2769 349 2836 Seruilio
363 2767 480 2850 Ahala,
502 2766 558 2852 Sp.
573 2767 683 2834 Maelii
704 2766 916 2853 interfectore,
938 2767 993 2849 qui
1006 2767 1192 2853 progeniem
1205 2787 1270 2834 non

123 2871 252 2939 uidetur
272 2870 457 2952 reliquisse,
480 2869 634 2952 originem
655 2876 785 2953 possent
810 2868 926 2938 ducere
947 2869 1131 2954 posterioris
1153 2869 1270 2938 aetatis

124 2974 262 3042 Seruilii.
300 2972 501 3054 Quamquam
523 2975 630 3038 autem
652 2976 787 3038 stemma
801 2972 1018 3052 Seruiliorum,
1041 2970 1208 3055 deperdita
1230 2991 1271 3038 aa

123 3075 271 3143 laterculi
299 3073 471 3159 Capitolini
499 3078 607 3156 parte,
635 3071 711 3138 inde
739 3092 796 3157 per
827 3073 984 3157 integrum
1012 3072 1080 3139 scre
1107 3072 1270 3138 saeculum

125 3180 317 3261 ignoramus,
339 3178 448 3241 tamen
470 3171 658 3259 Caepiones,
681 3193 816 3257 quorum
838 3194 878 3241 ex
900 3173 1023 3239 familia
1044 3171 1179 3240 oriunda
1201 3179 1270 3240 erat

125 3276 265 3346 Seruilia
284 3278 326 3342 Μ.
341 3276 432 3342 Bruti
453 3282 570 3359 mater,
592 3275 635 3341 ad
657 3275 713 3360 Sp.
735 3273 905 3342 Seruilium
928 3272 1088 3343 Sanctum
1108 3275 1198 3342 illum
1220 3295 1268 3342 rc-

124 3382 204 3463 dire,
226 3377 288 3445 hac
309 3377 350 3444 de
372 3396 469 3444 causa
489 3383 539 3445 est
553 3377 736 3462 uerisimile,
758 3376 844 3461 quod
858 3397 921 3443 una
936 3379 1063 3444 omnino
1076 3377 1181 3461 gentis
1196 3375 1269 3444 Ser·

124 3481 224 3550 ciliae
245 3479 340 3564 stirps
368 3478 410 3546 ad
437 3480 615 3565 posteriora
635 3480 763 3548 saecula
784 3480 972 3565 permansit,
1000 3499 1115 3564 nempe
1137 3497 1177 3545 ea
1204 3498 1270 3560 qua
1357 3546 1360 3552 ,
1476 3465 1480 3474 ’

125 3582 325 3652 continentur
339 3580 466 3648 Seruilii
481 3582 657 3668 Caepiones
673 3587 705 3650 et
720 3583 849 3652 Seruilii
863 3581 1000 3649 Gemini.
1007 3582 1031 3667 ¹)
1068 3581 1148 3648 Cum
1162 3586 1271 3649 tamen

126 3707 168 3754 ex
190 3682 354 3752 Plutarchi
383 3684 453 3751 loco
479 3683 611 3752 laudato
634 3684 811 3771 Caepiones
833 3685 874 3752 ab
895 3684 1002 3751 Ahala
1023 3684 1155 3752 duxisse
1176 3683 1270 3768 origi·

212 3857 237 3919 1)
254 3851 374 3905 Primum
387 3851 466 3917 enim,
483 3865 562 3921 quem
579 3851 702 3907 nouimus
714 3852 885 3921 Caepionem,
902 3851 1039 3908 consulem
1057 3850 1121 3905 anni
1138 3854 1197 3918 501,
1214 3851 1270 3920 pri·

124 3951 252 4006 mumque
264 3935 413 4004 Geminum,
431 3935 567 3992 consulem
579 3939 628 3990 502
646 3950 679 3991 ex
695 3950 749 3991 uno
770 3937 914 4005 eodemque
930 3950 991 4001 ano,
1009 3934 1058 3989 Cn.
1071 3934 1183 3990 Seruilio
1196 3940 1270 3990 ortos

124 4035 195 4162 ppptei,
211 4019 493 4173 ppppteolgippcalogicae
507 4020 612 4089 docent,
631 4035 697 4092 quas
714 4021 768 4077 iam
785 4022 903 4077 sinceras
920 4019 955 4076 ad
973 4036 1018 4076 eos
1036 4034 1121 4076 annos
1139 4020 1270 4076 adnotant
