3108 4902
305 316 366 376 236
619 318 621 321 '
729 314 868 370 Conradus
886 313 1026 370 dichorius

304 491 383 555 tium
405 489 461 556 Gn.
484 489 505 553 f.
529 487 697 553 Caluinum
719 494 752 554 et
773 486 828 571 Sp.
845 486 1019 553 Caruilium
1042 485 1080 564 Q.
1095 487 1117 551 f.
1132 487 1309 552 Maximum
1322 490 1353 564 ¹).
1382 487 1442 554 Ne·

306 610 368 674 que
380 591 522 674 gentium
531 591 686 656 nobilium
702 594 869 657 stemmata
880 589 1186 672 commentariosque
1198 608 1239 655 ex
1253 590 1368 674 priscis
1382 590 1440 656 illis

304 693 500 777 temporibus
523 698 651 758 seruata
670 692 864 775 propagines
886 710 941 757 eas
956 689 1212 774 suppeditauisse
1234 692 1371 757 arbitror
1383 692 1440 773 fas-

304 800 408 861 torum
423 794 675 878 Capitoliuorum
695 793 826 876 auctori,
850 811 1041 876 quamquam
1057 812 1120 859 non
1142 794 1253 876 ignoro
1275 795 1441 876 plerosque

303 897 389 963 uiros
412 896 523 962 doctos
546 897 639 962 aliter
662 895 842 962 haedere
868 895 994 961 sentire.
1038 894 1113 961 Alio
1149 895 1233 960 enim
1255 896 1326 962 loco
1348 897 1440 979 pluri·

303 1018 372 1065 mas
395 1018 503 1064 earum
525 999 675 1083 gentium,
699 1016 832 1080 quarum
852 998 981 1063 nomina
995 997 1028 1064 in
1042 997 1134 1063 fastis
1149 998 1289 1082 priorum
1303 998 1440 1064 saeculo·

302 1119 372 1165 rum
405 1102 562 1183 leguntur,
590 1099 646 1166 diu
674 1105 748 1165 ante
775 1098 950 1166 redactoris
979 1104 1116 1165 aetatem
1146 1101 1318 1165 exstinctas
1347 1100 1440 1165 fuisse

302 1202 438 1286 ostendi,
461 1203 506 1267 ita
527 1208 563 1267 nt
584 1201 625 1268 de
647 1202 774 1267 illarum
797 1200 925 1283 quidem
952 1201 1047 1267 rebus
1069 1202 1286 1285 genealogicis
1306 1202 1354 1266 nil
1374 1220 1440 1284 per·

302 1305 427 1370 uenerit
454 1304 496 1370 ad
524 1296 695 1387 scriptores
723 1304 893 1369 Romanos.
937 1304 1043 1386 Atque
1071 1302 1158 1368 haud
1186 1322 1309 1385 paucae
1338 1323 1440 1369 earum

303 1407 431 1472 omnino
453 1426 517 1472 non
538 1411 697 1489 apparent
711 1406 744 1469 in
767 1405 857 1470 fastis
879 1405 942 1471 nisi
957 1410 1031 1470 ante
1054 1405 1140 1471 urbis
1162 1425 1183 1470 a
1205 1404 1308 1471 Gallis
1329 1411 1438 1487 captae

302 1507 496 1591 incendium,
512 1527 574 1590 quo
586 1508 721 1591 periisse
732 1508 830 1589 uulgo
842 1512 992 1590 putantur
1003 1507 1227 1590 antiquissima
1241 1512 1440 1573 monumenta

300 1609 465 1676 litteraria.
488 1609 583 1675 Unde
595 1609 691 1691 igitur
703 1628 812 1674 earum
825 1609 965 1690 gentium
977 1613 1146 1675 stemmata
1156 1609 1344 1674 -maxime
1355 1608 1440 1674 cuius

301 1712 405 1795 gentis
434 1711 552 1795 singuli
580 1717 701 1776 tantmn
733 1712 931 1777 consulatum
960 1716 1126 1793 gesserunt
1152 1709 1297 1777 homines
1320 1711 1441 1776 -sint

302 1811 425 1896 hausto,
447 1813 563 1878 frustra
578 1814 748 1896 quaeritur.
783 1813 905 1878 Tamen
920 1813 1104 1895 plenissime
1126 1833 1147 1878 a
1168 1833 1231 1896 quo
1246 1813 1381 1896 quisque
1396 1833 1440 1878 or÷

239 1900 242 1907 “
301 1920 352 1981 tus
375 1914 417 1981 sit
437 1919 529 1997 patre
557 1919 590 1979 et
611 1933 673 1979 auo
696 1914 890 1997 Tarquitius,
920 1915 1088 1997 Tarpeius,
1109 1915 1282 1998 Romilius,
1312 1913 1440 1995 Sestius,-

300 2017 459 2099 Aternius,
482 2016 627 2100 Maelius,
650 2015 823 2101 Geganius,
839 2015 1008 2099 Horatius,
1018 2017 1165 2100 Titinius,
1180 2017 1357 2100 Lucretiae,
1379 2017 1440 2082 Me·

299 2118 422 2199 nenius,
437 2117 607 2199 Verginius
623 2136 651 2182 e.
663 2137 690 2182 c.
704 2117 838 2182 traditur
851 2118 885 2182 in
896 2118 1105 2184 marmoribus
1120 2117 1319 2201 Capitolinis,
1336 2136 1441 2200 quam-

301 2240 396 2302 quam
424 2221 545 2285 nullum
575 2238 684 2284 earum
712 2221 854 2301 gentium
884 2225 989 2286 exstat
1020 2220 1190 2303 uestigium
1222 2225 1295 2304 post
1328 2240 1441 2285 annum

300 2324 361 2384 400
377 2341 406 2386 u.
424 2343 449 2388 c.

385 2422 450 2490 Sed
472 2444 514 2489 ne
530 2443 639 2490 earum
654 2422 784 2506 quidem
799 2424 951 2506 gentium,
974 2441 1058 2506 quae
1080 2423 1123 2489 ad
1145 2428 1319 2489 extremam
1342 2444 1444 2507 usque

298 2526 420 2592 liberae
442 2526 640 2609 reipublicae
661 2530 800 2592 aetatem
827 2524 998 2609 florebant,
1030 2527 1250 2593 commentarii
1275 2526 1446 2592 domestici

299 2634 331 2693 et
353 2629 552 2712 genealogici
574 2646 688 2694 reuera
711 2626 875 2693 redierunt
895 2627 939 2692 ad
961 2628 1033 2710 ipsa
1054 2627 1112 2692 illa
1132 2633 1283 2710 tempora,
1305 2646 1445 2709 quorum

299 2729 489 2794 enarrabant
510 2748 561 2795 res
584 2735 617 2794 et
638 2727 800 2811 homines,
829 2728 888 2794 sed
916 2729 1015 2793 multo
1044 2734 1117 2811 post
1139 2728 1267 2796 demum
1293 2728 1447 2795 uidentur

300 2850 370 2896 esse
394 2831 574 2913 conscripti.
619 2831 704 2895 Nam
727 2832 854 2912 qualem
878 2850 987 2897 eorum
1002 2828 1186 2897 describunt
1207 2831 1347 2897 indolem
1368 2852 1445 2898 auc-

299 2937 384 2998 tores
405 2938 531 2999 ueteres
560 2932 765 3015 studiumque
792 2951 919 2998 suarum
943 2933 1086 3016 gentium
1108 2933 1244 3015 gloriam
1266 2932 1356 2999 falsis
1389 2934 1446 2998 tri·

298 3033 426 3118 umphis
449 3040 481 3101 et
504 3035 722 3101 consulatibus
745 3034 894 3118 augendi,
918 3055 1022 3101 seram
1036 3054 1115 3119 prae
1137 3054 1172 3101 se
1194 3035 1255 3101 fert
1277 3036 1467 3118 originem„

297 3136 437 3202 Primum
464 3157 541 3203 nero
570 3137 631 3221 Ap.
655 3136 825 3203 Claudium
854 3137 989 3214 (scilicet
1010 3137 1158 3219 Caecum,
1185 3138 1347 3204 consulem
1368 3139 1446 3203 anni

297 3240 375 3302 458:
392 3239 431 3304 cf.
447 3259 478 3321 p.
497 3241 568 3313 179)
591 3239 714 3305 Plinius
738 3260 767 3304 n.
784 3238 816 3304 h.
834 3242 884 3322 35,
903 3241 941 3302 12
964 3239 1043 3304 dicit
1061 3232 1221 3321 ‘posuisse
1241 3241 1274 3305 in
1288 3239 1446 3306 Bellonae

298 3340 380 3406 aede
401 3342 539 3406 maiores
562 3331 662 3407 suos'.
699 3342 822 3407 Tamen
843 3342 1036 3407 clarissimas
1059 3347 1169 3424 gentes
1192 3342 1344 3424 patricias
1367 3340 1446 3407 Cor-

296 3443 425 3525 neliam,
441 3441 584 3526 Fabiam,
599 3441 772 3507 Aemiliam
788 3462 829 3508 ne
845 3443 980 3527 septimo
997 3441 1127 3524 quidem
1143 3443 1271 3509 saeculo
1298 3448 1448 3508 extremo

297 3545 589 3627 antiquissimorum
603 3546 771 3629 gentilium
789 3564 917 3611 suornm
932 3543 1083 3611 habuisse
1105 3549 1283 3628 stemmata,
1307 3565 1349 3611 ex
1369 3545 1449 3611 loco

296 3646 436 3712 Cornelii
451 3646 586 3730 Nepotis
609 3649 713 3713 elucet
728 3648 803 3723 (Att.
820 3648 880 3729 18),
903 3647 958 3713 ubi
972 3647 1108 3729 legimns
1128 3640 1247 3730 ‘quod
1269 3647 1450 3713 difficil-

296 3748 434 3812 limum
455 3749 552 3831 luit,
575 3751 621 3815 sic
642 3749 836 3814 familiarum
851 3750 1007 3831 originem
1023 3749 1195 3830 subtexuit,
1210 3755 1245 3814 ut
1260 3768 1301 3814 ex
1317 3768 1355 3815 eo
1378 3750 1451 3815 cla-

1535 3762 1537 3823 l

384 3901 408 3961 1)
425 3896 507 3951 Haud
523 3900 565 3952 est
581 3898 805 3967 praetercundum
823 3897 942 3965 silentio,
960 3899 1029 3953 inter
1047 3913 1077 3953 se
1094 3913 1127 3954 eo
1144 3897 1300 3967 discrepare
1315 3897 1454 3954 Pisonem

293 3985 411 4049 actaque
429 3982 580 4051 capitolina
600 3982 773 4053 triumphalia
793 4000 815 4038 s,
827 4000 852 4040 a.
865 3987 924 4051 461,
947 3984 1019 4051 quod
1038 3984 1085 4054 Sp.
1101 3984 1212 4040 Caruilii
1233 3988 1311 4054 pater
1328 3983 1454 4052 Quintus
1535 3988 1536 4055 ᾗ

295 4065 393 4121 dicitur
410 4080 427 4120 a
442 4065 550 4135 Pisone,
568 4064 649 4123 Gaius
662 4067 692 4122 in
708 4069 785 4123 sctis.
1160 4108 1164 4113 -
1535 4078 1536 4081 ’
