3108 4902
417 321 459 378 De
475 321 554 377 199119
572 320 758 378 cumularibus
776 319 975 392 antiquissimis.
1213 318 1274 378 259

126 494 271 563 fontibus
311 493 446 561 diuersis
485 491 627 561 eiusdem
664 492 767 576 gentis
805 491 986 561 hominibus
1023 491 1273 575 adscribebatur,

38 614 41 620 “
127 617 246 683 nempe
268 596 309 663 ob
331 595 459 665 diuersa
479 595 522 661 ab
544 593 726 667 auctoribus
747 595 854 680 posita
875 595 1064 678 cognomina
1074 593 1108 679 1).

219 803 244 864 1)
261 796 339 866 Quod
350 811 411 852 999
423 796 579 852 accuratius
596 809 729 865 exponere
745 795 798 850 hoc
814 794 875 850 loco
893 795 929 850 sit
945 795 1062 865 longum,
1079 812 1133 852 uno
1151 799 1273 868 exemplo

129 898 201 954 quae
222 882 301 954 posui
319 882 439 938 conabor
455 880 639 951 comprobare.
674 881 803 934 Iteratam
826 895 885 935 esse
907 881 1089 936 narrationem
1110 883 1143 938 de
1165 890 1275 939 semato

129 967 242 1023 consula
258 965 380 1021 Romano
398 969 459 1020 919
477 965 509 1020 T.
526 964 651 1032 Quinctio
669 964 821 1034 Capitolino
838 967 900 1019 919
917 964 1087 1032 1999199119
1105 965 1275 1030 cincinnato,

129 1052 280 1108 luculenter
291 1050 409 1108 ostendit
419 1050 542 1105 Ldbbert
558 1049 610 1115 (De
620 1054 693 1118 gent.
703 1048 809 1116 Quinct.
823 1064 916 1104 comm.
927 1048 996 1104 dom.
1014 1066 1042 1118 p.
1052 1054 1085 1105 20
1103 1053 1130 1106 et
1147 1051 1188 1106 De
1202 1057 1274 1120 gent.

130 1137 196 1194 Fur.
215 1152 311 1193 9999.
329 1135 400 1192 dom.
418 1152 445 1206 p.
457 1139 491 1202 9).
525 1135 645 1190 Primum
666 1134 737 1189 enim
753 1134 848 1189 Liuius
871 1138 906 1202 13,
921 1137 947 1201 4)
970 1139 998 1188 91
1013 1135 1160 1204 Dionysius
1183 1139 1218 1202 (9,
1232 1139 1276 1201 63)

130 1253 165 1264 —-
182 1238 262 1291 quem
278 1226 420 1290 utrumque
437 1225 548 1290 propter
565 1220 658 1275 addita
675 1219 833 1289 cognomina
850 1220 991 1275 consulum
1014 1220 1136 1276 hausisse
1157 1220 1276 1277 arbitror

128 1324 164 1363 ex
182 1308 276 1362 ldacro
292 1337 327 1347 -
344 1305 372 1361 S.
390 1306 501 1360 Furium
518 1304 623 1361 Fusum
639 1305 775 1359 consulem
792 1307 931 1362 obsessum
948 1305 984 1360 ab
1001 1305 1127 1361 hostibus
1143 1305 1275 1363 liberasse

128 1392 243 1448 tradunt
253 1391 286 1448 Τ.
299 1390 453 1459 Quinctium
464 1389 651 1460 Capitolinum.
678 1389 747 1444 Tum
758 1389 850 1459 paullo
865 1395 928 1459 post
945 1394 1174 1458 1999929699.)
1190 1391 1276 1446 eidem

129 1480 258 1533 auctores
281 1475 351 1542 (Liu.
366 1480 391 1542 3,
405 1478 452 1541 36,
475 1473 555 1530 Dion.
572 1479 612 1541 10,
628 1477 660 1529 25
677 1504 711 1514 -
730 1475 778 1530 ubi
801 1474 873 1544 apud
896 1480 1022 1529 9991999
1044 1476 1202 1544 scriptorem
1223 1476 1277 1545 legi

130 1562 292 1631 cognomina
303 1560 452 1616 notandum
463 1563 514 1625 est,
526 1559 590 1628 quia
603 1558 711 1614 aliunde
723 1559 770 1614 illa
781 1558 907 1614 uidentur
919 1574 978 1614 esse
988 1559 1130 1631 desumpta
1138 1565 1180 1626 -l
1196 1562 1277 1631 plene

131 1648 227 1702 eadem
243 1648 348 1702 ratione
359 1646 392 1701 L.
405 1645 554 1700 Minucium
565 1644 703 1700 consulem
720 1649 858 1699 seruatum
875 1659 934 1699 9999
950 1647 1064 1700 narrant
1080 1646 1141 1702 aL.
1152 1645 1276 1714 Quinctio

131 1733 294 1788 Cincinnato
317 1731 449 1787 dictatore
470 1730 611 1785 9991196.
646 1729 740 1799 Neque
762 1735 852 1784 tamen
872 1729 901 1783 in
923 1744 954 1784 99
973 1731 1111 1786 consentio
1136 1747 1197 1788 cum
1217 1733 1277 1787 uiro

130 1818 311 1873 illustrissimo
334 1816 452 1885 mihique
475 1815 628 1882 carissimo,
651 1814 724 1883 quod
744 1815 807 1870 inde
824 1817 904 1884 putat
924 1813 1045 1869 fabulam
1062 1830 1121 1871 esse
1143 1817 1276 1884 iteratam,

132 1901 199 1972 quia
214 1901 316 1970 gloriae
335 1901 425 1971 cupidi
442 1906 469 1956 91
486 1900 605 1968 Quinctii
617 1900 762 1969 capitolini
779 1905 806 1954 91
818 1899 935 1967 (19199111
947 1898 1100 1955 Cincinnati
1115 1917 1165 1956 suo
1179 1903 1278 1972 quique

129 2002 185 2043 auo
203 1986 305 2042 iactum
324 1985 391 2041 illud
412 1989 509 2055 postea
525 1985 717 2040 uindicassent
750 1985 836 2041 Immo
854 1999 913 2041 999
933 1983 1017 2039 191999
1037 1986 1203 2056 repetitionis
1224 1987 1277 2042 ori·

129 2074 219 2143 glnenr
231 2071 357 2137 arbitror,
371 2076 403 2126 ut
415 2072 444 2126 in
452 2071 644 2140 antiquissimis
654 2071 806 2138 annalibus,
820 2071 867 2140 qui
881 2073 1023 2126 consulum
1033 2072 1141 2127 nomina
1154 2072 1182 2126 in
1196 2074 1277 2128 rebus

134 2157 292 2212 enarrandis
310 2172 365 2212 non
381 2156 506 2211 solebant
522 2156 622 2212 referre
638 2155 858 2225 (1199119194)
875 2157 903 2212 id
919 2161 1026 2212 tantum
1041 2158 1175 2212 exstitisse
1192 2158 1278 2228 scrip-

129 2248 200 2307 tum,
214 2240 363 2297 ‘consulem
376 2240 526 2295 Romanum
544 2242 578 2296 ab
596 2241 719 2296 hostibus
734 2242 947 2297 circumuentum
964 2243 1119 2299 obsessione
1136 2242 1278 2298 liberatum

132 2341 194 2383 esse
206 2341 223 2380 a
235 2316 378 2393 Quinctio’.
404 2324 462 2377 Iam
478 2340 538 2378 cum
555 2325 602 2378 illa
618 2330 708 2380 aetate
721 2327 774 2381 duo
787 2329 949 2395 putarentur
960 2328 1061 2383 uixisse
1073 2328 1139 2383 clari
1151 2327 1278 2396 Quinctii,

130 2413 202 2468 alter
220 2409 252 2463 Τ.
268 2407 443 2476 Capitolinus,
460 2407 529 2461 alter
546 2407 578 2461 L.
593 2407 775 2475 Cincinnatus,
793 2416 889 2477 postea
906 2412 973 2466 allos
991 2412 1099 2480 quidem
1116 2410 1152 2465 ad
1170 2412 1279 2482 Capito·

130 2498 218 2553 linum
230 2493 367 2550 rettulisse
380 2492 482 2547 laetum
498 2492 566 2548 illud
579 2493 701 2548 existimo
718 2494 828 2561 eiusque
844 2494 1020 2565 adscripsisse
1039 2512 1194 2564 cognomen,
1211 2498 1279 2553 alios

129 2586 224 2638 autem
241 2582 366 2635 auctores
384 2576 571 2632 Cincinnatum
594 2577 646 2632 diei
669 2577 721 2633 sihi
736 2579 907 2647 persuasisse
929 2585 1011 2649 atquo
1033 2580 1092 2636 ideo
1115 2595 1177 2635 999
1194 2583 1278 2636 nomi·

130 2681 223 2723 nasse.
249 2664 327 2721 Unde
342 2662 446 2719 factum
463 2667 513 2730 991,
530 2663 632 2718 919119
648 2662 695 2717 9111
711 2679 782 2718 anno
799 2663 968 2732 prodiderint
985 2679 1041 2720 rem
1057 2670 1170 2733 gestam,
1188 2670 1279 2735 poste-

131 2753 219 2808 riores
234 2756 325 2806 99199
337 2749 494 2819 scriptores,
507 2753 538 2803 ut
550 2748 647 2805 Liuius
664 2754 692 2804 et
704 2748 858 2818 Dionysius,
876 2765 937 2804 oum
950 2766 1006 2806 non
1018 2750 1150 2819 uiderent,
1168 2751 1280 2807 eandem

132 2852 191 2891 rem
208 2836 318 2890 mutatis
335 2834 487 2889 nominibus
503 2834 547 2889 bis
562 2835 683 2900 narrari,
707 2840 822 2903 utroque
843 2849 915 2891 anno
938 2851 997 2891 eam
1019 2837 1178 2907 reciperent
1194 2853 1197 2858 ·
1213 2836 1280 2893 Utar

131 2926 224 2976 99199
237 2919 377 2989 Quinctius
395 2932 492 2973 reuera
508 2933 565 2973 rem
581 2917 656 2973 illam
672 2920 792 2987 gesserit,
809 2936 860 2975 nos
878 2920 932 2974 iam
949 2936 1005 2976 non
1021 2937 1165 2991 possumus
1183 2921 1279 2976 diiudi-

131 3020 206 3073 care,
223 3019 384 3075 quamquam
400 3004 485 3059 libere
498 3003 635 3070 confiteor,
653 3004 825 3059 uehementer
841 3019 884 3059 me
901 3005 1025 3060 dubitare
1042 3005 1076 3059 de
1091 3009 1150 3060 toto
1168 3005 1280 3061 19019-

132 3093 256 3155 cinnato,
275 3105 337 3145 999
352 3104 451 3144 99999
467 3088 526 3142 9199
543 3104 597 3143 999
614 3088 748 3142 exstiterit
763 3089 792 3142 in
808 3088 888 3144 fastis
906 3088 1106 3154 consularibus,
1125 3105 1192 3156 quos
1210 3090 1280 3144 anti·

133 3175 290 3244 quissimum
305 3175 528 3244 uerissimumque
545 3175 647 3229 199199
659 3188 718 3229 9999
730 3173 853 3229 dissensi.
879 3173 949 3228 Nam
961 3174 1034 3243 quod
1046 3175 1140 3230 consul
1151 3175 1281 3231 suffectus

133 3260 234 3314 dicitur
244 3261 308 3314 9991
320 3263 370 3315 294
386 3258 460 3329 apud
476 3261 603 3315 auctores
614 3259 777 3313 recentiores
789 3259 946 3328 Dionysium
962 3260 1101 3329 fastosque
1113 3260 1280 3330 (lapitohnos

133 3375 169 3385 -
186 3359 273 3413 neque
288 3344 425 3400 Diodorus
448 3359 536 3412 neque
552 3344 648 3399 Liuius
666 3343 808 3399 suffectum
829 3358 891 3399 eum
910 3350 1119 3400 commemorant
1135 3376 1176 3412 —,
1201 3346 1281 3400 etiam

133 3432 218 3498 auget
242 3430 430 3500 suspicionem.
470 3429 672 3499 Antiquissimis
697 3430 769 3485 enim
797 3430 963 3498 temporibus
993 3428 1078 3484 fuisse
1107 3430 1280 3498 magistratus

133 3515 263 3573 suffectos
280 3514 332 3568 199
344 3531 428 3584 supra
438 3516 544 3583 negaui.
574 3515 686 3570 Praeter
697 3515 867 3570 consulatum
884 3515 960 3570 illum
974 3515 1095 3583 spurium
1110 3515 1177 3569 duas
1194 3515 1281 3569 dicta·

133 3606 213 3657 taras
225 3599 383 3656 0199199919
394 3601 519 3656 tribuunt
529 3607 663 3666 auctores,
681 3615 748 3670 quas
759 3606 850 3655 tamen
866 3600 940 3668 ipsas
958 3614 1019 3654 sero
1032 3599 1139 3654 demum
1154 3599 1281 3656 19999199

134 3700 197 3743 esse
209 3683 341 3741 existimo.
367 3684 435 3740 Mihi
452 3700 514 3740 999
529 3699 627 3754 parum
643 3688 679 3741 911
694 3684 843 3755 probabile,
860 3687 916 3739 199
931 3684 1042 3750 clarum,
1061 3686 1167 3753 qualem
1181 3685 1281 3741 deseri·

133 3772 206 3827 bunt
221 3774 361 3837 auctores,
378 3769 467 3823 uirum
484 3769 593 3824 omniuo
610 3783 665 3824 non
684 3769 821 3825 consulem
838 3784 898 3824 9999
916 3772 1051 3835 creatum,
1068 3773 1155 3824 totum
1173 3769 1281 3826 019919·

133 3859 231 3909 99199
253 3852 291 3908 911
312 3852 367 3908 9191
389 3854 511 3908 umbram
533 3867 593 3908 esse
615 3852 705 3910 iudico
724 3853 757 3908 Τ.
776 3852 892 3920 Quinctii
909 3852 1067 3924 Capitolini,
1091 3870 1169 3923 quem
1194 3855 1281 3911 sexies

134 3937 265 3994 exhibent
281 3938 418 3994 consulem
434 3936 508 3993 fasti.

607 4091 809 4101 ——--———-
