3108 4902
278 545 346 612 per
367 531 416 592 ter
437 544 530 593 senos
551 542 694 607 menses,
724 524 867 591 societati
896 522 1081 608 philologae
1106 524 1347 593 Ribbeckiauae
1369 546 1420 612 per

205 730 212 737 ,
289 645 370 712 duos
392 663 509 723 annos,
532 642 678 711 societati
700 641 1095 727 historicae-antiquariae
1116 643 1356 712 Wachsmuthii·
1369 665 1421 730 per

149 836 152 843 ,
287 764 364 830 anni
385 760 551 828 dimidium
574 767 606 828 et
627 760 1009 846 historico-philologieis
1026 761 1086 829 Ed.
1101 762 1251 829 Zarnckii
1273 765 1419 830 exercito·
1456 774 1484 809 r·
1505 846 1506 853 ἵ

289 881 426 948 tionibus
447 900 507 965 per
527 879 614 946 idem
633 881 785 965 temporis
807 881 955 964 spatium.
1066 898 1076 960 ᾗ
1230 882 1233 887 '

371 999 464 1066 Anno
485 997 639 1065 LXXXV
666 998 742 1065 inde
769 998 811 1065 ab
839 999 983 1083 Augusto
1010 992 1119 1064 mense
1146 997 1190 1064 ad
1216 997 1424 1066 Nouembrem

287 1118 410 1191 Romae
431 1138 501 1185 sum
518 1123 729 1185 commoratus
751 1117 785 1182 in
806 1116 948 1183 instituto
969 1117 1152 1199 germanico
1173 1115 1424 1202 arehaeologico,
1471 1172 1474 1177 .
1504 1164 1506 1177 t

287 1237 344 1312 ubi
366 1235 525 1303 historicis
547 1236 747 1320 potissimum
768 1239 801 1301 et
822 1233 1039 1320 epigraphieis
1054 1254 1184 1318 operam
1206 1233 1283 1301 dedi
1303 1235 1425 1304 studiis.

287 1354 336 1421 Ao
353 1354 491 1422 feliciter
505 1355 620 1439 euenit,
643 1358 677 1419 nt
698 1352 968 1437 praeclarissimos
978 1353 1183 1419 nanciscerer
1203 1358 1425 1437 praeceptores

287 1473 336 1539 rei
363 1471 592 1556 epigrapticae
620 1471 799 1554 Eugenium
827 1470 1041 1547 Bormoununr
1069 1475 1102 1537 et
1125 1470 1210 1537 Guii
1232 1469 1425 1552 Henaenum,

285 1588 532 1672 erohaeoiogiae
554 1587 959 1661 Ottonem.Benndorifium
988 1595 1020 1655 et
1040 1588 1256 1657 Hermannum
1278 1586 1320 1654 de
1341 1587 1426 1655 Rho

283 1707 351 1775 ,den
366 1708 653 1792 Hagenouiessem.
689 1707 837 1777 Summas
858 1713 966 1777 tamen
983 1706 1086 1777 debeo
1100 1708 1221 1790 gratias
1235 1706 1425 1793 Bormanon

288 1827 409 1911 quippe
436 1827 492 1909 qui
520 1832 552 1893 et
578 1800 699 1893 socium
722 1845 819 1911 saepe
846 1825 1129 1910 preaesumpserit
1154 1825 1330 1895 studiorum
1358 1829 1426 1912 epi·

287 1944 513 2031 graphieomm
535 1951 568 2015 et
588 1950 623 2011 ut
644 1964 751 2019 eomes
766 1945 936 2012 existerem
957 1946 991 2013 iu
1012 1945 1125 2019 itinere
1140 1943 1346 2029 epigraphioo
1367 1965 1427 2028 per

287 2062 448 2128 Etruriam
469 2062 672 2147 suscipiendo
694 2064 850 2135 benesole
871 2062 1059 2147 permiserit.

372 2178 488 2247 Gratus
510 2179 627 2247 deinde
648 2182 776 2249 nomino
795 2179 981 2249 usuardum
999 2180 1194 2249 Ltibbertam
1216 2179 1425 2265 Bonnensem‚

287 2298 357 2380 qui,
386 2316 449 2381 qua
476 2303 526 2365 est
553 2298 764 2382 humanitate,
791 2317 850 2382 per
877 2296 935 2369 hos
957 2317 1015 2367 sex
1036 2317 1137 2365 annos
1158 2296 1264 2373 studia
1283 2318 1356 2367 mee
1376 2306 1426 2366 est

286 2421 482 2500 prosecutus.

372 2532 526 2605 Omnibus
548 2536 605 2618 eis,
628 2537 683 2618 qui
704 2554 756 2601 me
777 2534 970 2618 docuerunt,
992 2534 1069 2603 'uiris
1090 2534 1284 2603 decussimis
1305 2536 1428 2618 gratias

286 2672 349 2735 ago
372 2672 467 2737 quam
488 2654 660 2737 maximas,
689 2655 844 2737 imprimis
872 2658 979 2719 autem
1006 2654 1062 2737 pia
1088 2670 1214 2737 semper
1236 2652 1336 2719 colam
1357 2672 1429 2720 me·

287 2771 389 2837 moria
402 2771 485 2852 illos,
506 2773 561 2853 qui
576 2771 752 2843 studiorum
766 2791 908 2843 meorum
922 2772 1048 2856 potrum
1064 2772 1252 2839 exstiterunt
1265 2770 1429 2854 benignis-

287 2889 375 2972 simi,
397 2887 609 2954 Ribbeckirm
632 2896 663 2955 et
683 2887 966 2957 Wachsmuthium.
1010 2886 1113 2967 Quem
1140 2894 1308 2971 utumque
1331 2888 1432 2959 credo

286 3007 379 3090 scire,
402 3026 465 3089 quo
488 3007 547 3074 sim
571 3027 647 3091 erga
668 3026 724 3075 eos
746 3014 837 3092 mato
858 3008 964 3079 auimo
986 3026 1026 3077 ao
1046 3006 1143 3077 fideli.
