3108 4902
366 363 372 371 -
426 341 469 397 os
485 340 563 398 000
581 338 767 398 commutas
784 339 984 410 antiquissimis.
1156 312 1161 319 ’
1215 340 1275 401 257

135 536 167 601 p.
184 513 330 596 83squ.);
353 534 427 580 nam
449 512 554 597 ipsum
576 512 652 580 iacit
673 512 831 580 dicentem
844 512 986 580 Atticum
1001 512 1109 580 Oicero
1131 511 1165 579 in
1178 512 1278 581 Bruto

135 614 264 701 (5‚19):
284 610 405 698 ‘eisque
427 612 483 696 (sc.
507 613 597 681 libris
619 613 660 681 de
681 611 859 700 republica)
881 618 1007 681 nosmet
1033 615 1097 698 ipsi
1125 614 1168 682 ad
1189 622 1277 683 uete-

134 738 203 786 rum
236 738 339 786 rerum
367 722 545 785 nostrarum
573 714 758 784 memoriam
786 714 1116 802 comprehendendam
1149 717 1279 802 impulsi

134 827 232 902 atque
251 819 373 888 incensi
394 810 527 885 sumus'.
571 814 651 885 (lum
672 817 768 903 igitur
793 817 875 885 inter
903 838 1021 884 aunum
1043 822 1103 885 703
1127 823 1159 885 00
1181 823 1242 886 708
1254 820 1278 902 ¹)

136 922 348 1008 composuerit
368 920 485 988 librum
498 918 621 988 Atticus
638 924 670 987 00
691 921 854 1003 hucusque
874 918 1060 1005 produxerit
1074 921 1190 988 seriem
1205 942 1278 989 con·

135 1025 249 1108 sulum,
272 1043 368 1106 quam
383 1022 602 1107 dignissimum
624 1027 674 1088 est
688 1028 808 1107 000000,
824 1022 910 1105 quod
924 1022 1190 1108 Chronographus
1205 1025 1279 1091 anni

136 1129 208 1210 354,
231 1145 326 1208 quem
347 1125 488 1210 pendere
510 1144 551 1190 ex
573 1124 671 1191 Attici
699 1124 808 1190 annali
830 1144 871 1191 ex
899 1124 946 1191 eis
969 1145 1052 1210 quae
1073 1123 1210 1193 disserui
1230 1145 1278 1193 se·

135 1226 251 1312 quitur,
274 1227 406 1294 adnotat
419 1225 462 1293 ad
485 1246 602 1293 annum
624 1229 686 1291 705
710 1226 900 1309 (Mommsen
918 1220 1037 1290 ‘Ueber
1062 1226 1122 1290 dea
1141 1225 1279 1291 Chrono-

129 1329 275 1414 propboo
290 1350 317 1391 o.
331 1327 363 1393 J.
374 1319 448 1392 354²
465 1349 496 1413 p.
510 1327 598 1413 618):
611 1321 686 1395 ‘hoc
701 1347 802 1412 usque
817 1326 987 1396 dictatores
1002 1320 1183 1413 mamns'2).
1214 1327 1281 1395 Sed

133 1433 263 1500 fuerunt
284 1428 380 1497 etiam
401 1436 515 1516 postea
540 1429 710 1498 dictatores
738 1429 831 1496 annis
854 1434 925 1514 705,
948 1434 1083 1514 706-8,
1106 1432 1177 1514 700,
1201 1435 1279 1514 710,

135 1533 245 1616 itaque
266 1532 421 1600 00001110
442 1530 700 1627 chronographus
728 1530 818 1598 aliud
846 1531 923 1616 quid
943 1532 1070 1600 uidetur
1091 1531 1279 1618 significare.

140 1633 262 1713 Quodsi
283 1633 529 1718 meminerimus,
551 1634 585 1700 in
606 1636 693 1702 tonte
708 1633 948 1720 Ohrouographi
962 1634 1060 1703 fuisse
1081 1639 1281 1702 enumeratos

135 1735 307 1804 dictatores
330 1755 456 1820 quoque
477 1736 530 1820 (ci.
552 1757 650 1822 supra
670 1757 701 1822 p.
715 1735 809 1820 244),
837 1735 884 1803 sic
912 1736 1134 1822 explicandam
1167 1756 1281 1805 censeo

136 1844 256 1923 00000,
284 1845 319 1906 00
348 1860 420 1907 000
448 1841 565 1907 iontem
594 1838 784 1924 pertinuisse
814 1837 957 1905 dicamus
985 1856 1086 1921 usque
1114 1836 1156 1905 ad
1177 1839 1281 1924 ipsum

136 1960 255 2008 annum
270 1945 331 2008 705
347 1948 380 2009 00
400 1941 604 2027 pronuntiare
627 1940 902 2026 chronographum
924 1940 1030 2009 uerbis
1052 1939 1127 2024 illis,
1148 1958 1183 2008 se
1205 1940 1280 2006 huc·

136 2061 238 2126 usque
267 2044 358 2127 sequi
387 2050 547 2112 auctorem
573 2043 744 2112 dictatores
773 2042 995 2126 exhibentem,
1024 2041 1153 2108 aliunde
1174 2047 1282 2109 autem

134 2145 212 2212 inde
233 2147 276 2212 ab
298 2166 383 2212 anno
407 2149 467 2210 706
489 2165 525 2212 00
546 2151 656 2230 petere
678 2147 832 2213 consules.

141 2294 143 2303 .
223 2246 380 2313 Annalem
408 2245 504 2328 igitur
524 2247 622 2314 Attici
643 2248 823 2315 substitisse
849 2252 926 2332 puto
947 2246 982 2313 in
1003 2244 1185 2313 oonsulibus
1206 2245 1283 2312 anni

138 2352 213 2431 705,
244 2365 307 2428 quo
328 2346 449 2412 bellum
471 2347 590 2414 exarsit
612 2347 715 2432 ciuile,
742 2354 838 2430 atque
865 2367 966 2415 annos
989 2350 1050 2412 706
1072 2347 1115 2414 00
1136 2350 1282 2412 718-24

139 2457 216 2532 000,
241 2467 311 2514 cum
333 2445 545 2514 inciderentur
559 2446 634 2513 fasti
649 2447 821 2531 Capitolini
836 2467 878 2513 ex,
892 2448 1045 2515 memoria
1061 2467 1132 2515 esse
1146 2447 1281 2514 additos.

138 2550 261 2631 Quibus
282 2550 379 2633 fauet,
409 2548 494 2632 quod
520 2548 596 2617 inde
624 2550 666 2616 ab
695 2554 862 2617 0000705
890 2549 923 2615 in
945 2549 1023 2633 ipsis
1044 2550 1134 2616 tastis
1157 2548 1284 2634 Capito·

138 2653 213 2720 linis
227 2651 431 2719 inueniuntur
446 2649 604 2735 quaedam
618 2651 711 2720 aliter
725 2669 878 2736 expressa
892 2656 990 2733 atque
1011 2649 1043 2718 in
1057 2651 1163 2736 priore
1183 2657 1283 2734 parte.

138 2755 224 2821 Nam
246 2759 413 2821 comante
441 2774 513 2820 eum
535 2773 669 2838 aunum,
699 2754 813 2836 quibus
841 2753 933 2821 annis
955 2753 1127 2821 dictatores
1148 2756 1283 2837 luerunt,

140 2855 269 2924 nomina
290 2876 398 2924 eorum
420 2857 527 2922 statim
541 2863 698 2941 ponantur
711 2862 784 2942 post
803 2858 958 2942 consules,
980 2850 1142 2940 adscripta
1162 2861 1284 2923 tantum

139 2964 217 3025 nota
235 2949 345 3040 ί(110οἷ,
374 2956 450 3024 inde
476 2958 518 3024 ab
547 2978 630 3025 auno
660 2960 721 3022 705
751 2958 868 3040 ubique
896 2958 1060 3024 dictatoris
1089 2957 1209 3023 nomini
1231 2955 1284 3039 (oi.

141 3065 213 3144 705,
235 3064 308 3144 707,
338 3062 399 3125 700
423 3058 486 3143 bis)
509 3058 720 3144 praemittitur
741 3059 874 3142 singulis
896 3059 1042 3126 uersibus
1064 3064 1140 3123 nota
1157 3052 1285 3124 ‘eodem

140 3267 246 3328 tatuua
266 3299 308 3310 -
329 3283 391 3330 000
420 3263 485 3330 iam
512 3283 621 3330 ueram
650 3262 718 3329 eius
746 3267 892 3330 naturam
914 3260 1092 3344 nouerat³).

230 3498 254 3563 l)
270 3496 391 3565 Atticus,
413 3511 484 3553 0000
503 3502 553 3553 704
574 3512 607 3552 ex
623 3496 709 3567 Epiro
727 3497 842 3553 Romam
862 3497 963 3566 redux,
986 3498 1025 3553 ibi
1043 3502 1221 3553 commoratus
1244 3502 1286 3553 est

139 3580 220 3638 anuis
238 3581 410 3649 sequentibus
427 3582 474 3650 (cf.
491 3582 694 3639 1100000011.
713 3583 802 3639 0017
819 3599 846 3653 p.
858 3588 890 3638 25
900 3587 983 3653 squ.);
1011 3585 1087 3652 atqui
1109 3584 1207 3640 librum
1225 3599 1287 3638 cum

139 3680 197 3723 non
214 3666 266 3721 nisi
282 3666 312 3719 in
328 3666 395 3720 urbe
412 3667 493 3722 scribi
510 3668 631 3737 potuisse
644 3668 680 3723 sit
691 3667 872 3733 manifestum,
889 3667 1221 3724 00010705-7080000110
1232 3668 1286 3724 illis

139 3750 249 3807 uidetur
256 3749 365 3805 Atticus
377 3765 486 3820 operam
499 3752 603 3808 dedisse
617 3753 793 3822 0000100000
804 3753 896 3822 paullo
909 3757 972 3808 0000
985 3757 1145 3808 00000708
1157 3753 1286 3811 emisisse.

144 3860 147 3867 ·
226 3839 254 3903 2)
269 3835 323 3891 Vix
341 3835 417 3893 casui
433 3841 476 3892 est
492 3837 678 3903 tribuendum,
701 3837 772 3907 quod
793 3838 856 3893 inde
874 3838 908 3893 ab
927 3853 998 3893 0000
1016 3841 1065 3892 700
1082 3839 1219 3907 usquead
1236 3845 1285 3895 715

140 3919 328 3979 desiderantur
341 3919 416 3991 apud
424 3920 663 3992 chronographum
677 3927 705 3977 et
719 3922 822 3978 dierum
836 3923 900 3977 amri
916 3921 1069 3992 incipientis
1086 3925 1114 3978 et
1130 3931 1287 3995 epactarum

139 4002 359 4073 significationes.

228 4092 253 4157 3)
270 4090 373 4160 Quibus
391 4090 468 4147 annis
485 4104 567 4161 penes
585 4091 704 4162 singulos
723 4093 846 4149 consules
863 4106 967 4149 summa
985 4095 1044 4149 erat
1061 4097 1196 4164 potestas,
1214 4092 1287 4161 apud
