3108 4902
454 338 496 393 De
511 338 590 395 fash's
608 338 796 395 consulanhus
813 339 1014 410 antiquissimis.
1246 340 1308 400 215

162 534 227 600 que
249 514 331 597 scio,
353 534 395 580 an
416 533 457 580 ea
477 515 550 599 ipsa
577 532 613 579 re
635 513 677 578 sit
697 511 833 596 hoium,
862 518 897 577 ut
923 533 1021 597 saepe
1050 513 1114 580 alio
1138 531 1201 597 quo
1223 534 1306 580 anno

161 618 283 686 bellum
306 622 431 700 gestum
453 635 481 682 e.
497 635 523 682 c.
547 615 665 681 referat
685 614 856 697 Diodorus,
879 634 975 698 quarn
996 635 1059 697 qno
1081 616 1179 682 ceteri
1200 621 1307 682 aucto-

162 742 224 805 res,
246 741 319 786 nam
340 718 501 785 diuersam
522 716 671 784 uidentur
692 718 793 784 secuti
815 736 887 784 esse
906 715 1131 800 chronologiae
1152 717 1307 784 rationem

162 824 315 891 fastorum
338 827 370 888 et
390 820 554 887 annalium
574 826 693 886 auctor.

247 924 345 990 Libro
368 923 465 1007 igitur
486 920 621 988 Diodori
649 920 818 988 undecimo
846 921 1069 1006 prioribusque
1091 919 1166 985 libri
1186 919 1306 989 duode-

164 1027 239 1094 cimi
261 1025 419 1110 capitibus
444 1024 563 1109 ubique
584 1024 651 1090 fere
673 1022 785 1090 addita
809 1024 956 1107 leguntur
985 1022 1175 1107 cognomina
1196 1042 1307 1090 consu·

163 1129 229 1194 lnrn
240 1132 272 1206 ¹).
318 1125 388 1205 Quo
415 1146 492 1193 uero
513 1127 606 1210 plura
627 1126 660 1191 in
682 1122 887 1209 sequentibus
909 1125 1041 1192 adnotat
1066 1123 1223 1190 derebus
1245 1125 1308 1191 Ro·

162 1230 266 1297 manis
281 1228 453 1312 Diodorus,
476 1247 515 1294 eo
537 1229 665 1311 saepius
680 1228 868 1311 cognomina
883 1228 1069 1294 omittuntur
1082 1232 1178 1310 atque
1199 1246 1307 1293 omnes

162 1331 223 1400 hos
244 1350 355 1414 annos,
377 1331 432 1397 ubi
453 1332 487 1396 in
508 1331 599 1398 fastis
615 1350 742 1414 quoqne
757 1330 834 1396 bina
852 1329 1043 1396 exhibentur
1065 1329 1229 1396 consulum
1251 1348 1307 1394 no·

161 1436 265 1518 mina,
291 1432 334 1500 ad
356 1433 488 1500 annales
510 1432 614 1499 refero
634 1453 656 1498 a
678 1431 821 1499 Diodoro
849 1432 1071 1516 emcnpbsb.
1116 1429 1200 1498 Oasu
1222 1431 1308 1497 enim

251 1636 276 1698 1)
291 1631 435 1689 Nonnullis
452 1631 531 1686 annis
548 1629 659 1687 ulterius
674 1630 780 1700 quidem
793 1632 911 1687 consulis
923 1632 980 1687 edit
989 1631 1127 1688 Diodorus
1138 1636 1223 1699 terna,
1241 1631 1308 1685 alte·

162 1718 220 1773 rius
237 1718 302 1772 hina
318 1717 442 1785 nomina;
459 1716 499 1771 ihi
516 1730 581 1771 uero
599 1730 668 1785 quae
685 1716 783 1771 dmunt
795 1717 952 1784 cognomina
970 1716 1136 1785 neglegentia
1147 1716 1206 1772 siue
1221 1716 1308 1785 ipsius

162 1802 276 1858 Diodori
293 1803 351 1858 siue
368 1802 537 1857 librariorum
554 1801 699 1870 perierunt.
726 1800 797 1856 Nam
813 1806 845 1856 ut
860 1800 928 1856 illud
942 1801 1015 1871 quod
1029 1804 1118 1855 exstat
1126 1800 1270 1856 Diodissl
1280 1806 1308 1854 7:

163 1887 290 1954 Σέξστος
307 1891 441 1953 Κοίντιος
461 1887 626 1960 Τριγέμινος
648 1886 686 1951 [in
706 1886 812 1942 Patmio
836 1884 878 1953 ἑξ·
900 1881 953 1942 τὸν
972 1885 1106 1942 Κοΐντιον
1126 1885 1309 1957 Τριγέμηνον]

161 1979 221 2042 (pro
245 1971 371 2038 Σέξστος
390 1973 552 2036 Κοιντίλιος
577 1963 689 2041 Οὐᾶρος
710 1961 839 2034 Πόπλιος
863 1964 1034 2040 Κουριάτιος
1059 1968 1232 2042 Τριγέμινος)
1254 1983 1310 2022 non

163 2059 254 2128 potest
270 2056 354 2112 tuisse
371 2056 401 2110 in
416 2057 496 2110 fonte
510 2055 631 2123 Diodori,
650 2055 690 2111 sic
707 2054 761 2109 alia
778 2069 884 2124 quoqne
900 2054 1018 2123 nomina,
1036 2068 1104 2123 qnae
1122 2068 1194 2109 nunc
1212 2053 1311 2109 desunt

162 2142 235 2212 apud
251 2141 413 2207 Diodorum,
436 2142 465 2195 in
487 2141 562 2195 fonte
585 2141 643 2196 eins
665 2140 800 2196 exstitisse
822 2143 937 2211 apparet
958 2140 1018 2195 aliis
1036 2139 1198 2209 comparatis
1220 2138 1310 2204 annis,

163 2228 259 2296 quibus
280 2226 365 2281 eidem
386 2225 508 2282 homines
531 2226 642 2280 luerunt
663 2226 798 2283 consules.
832 2228 913 2281 Anno
937 2226 1008 2280 enim
1030 2228 1079 2281 283
1103 2224 1192 2290 (Diod.
1209 2223 1250 2278 XI
1267 2228 1310 2290 61)

162 2315 216 2382 Ap.
227 2312 355 2366 Claudius
372 2317 488 2365 uocatur
504 2311 583 2377 idem,
599 2311 646 2379 qui
663 2311 762 2366 dicitur
778 2313 831 2380 Ap.
850 2311 980 2366 Claudius
996 2310 1151 2378 Regillanus
1169 2325 1241 2365 anno
1258 2313 1308 2364 303

163 2396 254 2462 (Diod.
271 2395 325 2449 XII
343 2399 398 2463 23);
425 2394 457 2448 T.
476 2394 617 2461 Quinctius
634 2395 803 2464 Capitolinus
823 2395 907 2450 habet
924 2410 1069 2464 cognomen
1086 2396 1164 2451 annis
1182 2399 1241 2459 283,
1260 2398 1309 2448 289

162 2482 211 2537 sed
228 2495 260 2535 eo
278 2484 353 2534 caret
369 2494 441 2534 anno
459 2482 522 2546 2863
546 2478 639 2534 eadem
659 2480 764 2535 ratione
781 2479 812 2547 Q.
828 2480 931 2534 Fabius
946 2479 1096 2534 Vibulanus
1117 2480 1203 2549 primo
1227 2484 1310 2547 atque

161 2567 242 2622 tertio
261 2564 405 2621 consulatu
421 2578 567 2632 cognomen
585 2564 677 2630 habet,
695 2564 779 2619 altero
797 2580 865 2632 non3
883 2565 914 2631 Q.
927 2564 1056 2619 Serulius
1073 2577 1234 2632 quamquem
1251 2563 1310 2617 sine

163 2651 320 2721 cognomine
336 2650 435 2719 legitur
450 2665 521 2705 anno
540 2652 598 2715 288,
615 2654 707 2704 tamen
717 2649 843 2706 Structns
859 2653 974 2704 ucmtur
992 2649 1088 2704 consul
1104 2649 1220 2718 primum
1237 2662 1309 2702 anno

163 2740 223 2794 286,
257 2736 299 2791 Ac
316 2750 412 2791 reuera
430 2735 589 2804 cognomina
606 2740 633 2791 et
649 2735 756 2790 illorum
773 2740 800 2790 et
821 2739 963 2805 praeterea
984 2729 1150 2804 singulorum
1168 2733 1310 2790 consulum

162 2822 241 2876 aunis
259 2826 317 2887 268,
336 2826 395 2887 210,
413 2825 471 2886 213,
489 2825 548 2888 211,
566 2826 624 2886 292,
643 2825 701 2888 293,
720 2825 778 2889 300,
797 2826 856 2885 301,
874 2826 933 2886 302,
952 2825 1010 2886 305,
1028 2825 1088 2888 306,
1106 2825 1165 2886 309,
1177 2824 1236 2885 311,
1250 2824 1309 2885 312,

163 2911 223 2972 314,
241 2910 299 2973 310,
318 2911 375 2973 319,
393 2910 452 2972 325,
470 2909 520 2960 326
536 2906 703 2974 neglegentia
720 2920 779 2961 esse
797 2907 909 2971 omissa,
926 2907 989 2961 inde
1006 2905 1108 2972 efficio,
1126 2906 1199 2975 quod
1216 2919 1309 2960 ornnes

162 2992 209 3047 isti
220 2992 311 3060 priore
322 2992 383 3046 loco
399 2992 429 3045 in
444 2989 563 3059 collegiis
581 2991 636 3045 suis
652 2990 815 3055 referuntur,
832 2991 872 3046 ita
889 2996 919 3045 nt
935 2990 989 3045 illis
1004 2990 1082 3045 annis
1093 2991 1199 3058 singula
1209 3006 1309 3060 cogno·

162 3076 237 3131 mina
254 3076 346 3132 eadem
362 3076 466 3131 ratione
488 3076 631 3130 uideantur
647 3074 774 3143 periisse,
798 3090 852 3144 qua
868 3090 940 3130 anno
958 3078 1007 3130 301
1029 3075 1084 3129 tria
1104 3081 1167 3129 sunt
1187 3080 1309 3144 praeter-

161 3161 247 3216 missa
263 3162 372 3215 nomina
391 3154 502 3234 Οὐᾶρος
519 3156 647 3227 Πόπλιος
666 3156 844 3233 Κουριάτιος.

250 3248 275 3306 2)
293 3244 372 3299 Solus
389 3244 526 3300 Diodorus
545 3244 608 3311 (XII
626 3248 651 3311 3)
668 3248 732 3313 post
748 3244 812 3298 anni
830 3248 878 3298 201
897 3243 1022 3300 consules
1040 3244 1071 3312 Q.
1088 3244 1251 3311 Minucium,
1268 3244 1308 3300 ld.

162 3328 307 3384 Horatium
330 3338 390 3398 (pro
414 3345 467 3399 quo
489 3335 578 3384 tamen
599 3330 683 3384 hahet
704 3328 841 3384 Diodorus
858 3329 898 3383 XI
916 3334 947 3384 91
975 3327 1096 3397 Λεύκιος
1119 3327 1310 3405 Ποστούμιος)

161 3414 260 3470 inserit
276 3415 415 3469 consulum
431 3415 571 3483 collegium
588 3412 711 3472 Λεύκιον
723 3413 859 3472 Κοΐντιον
871 3419 1043 3474 Κικιννᾶτον
1055 3412 1179 3490 Μάρκον
1198 3412 1310 3488 Φάβιον

164 3491 373 3572 Οὐιβουλανόν,
396 3500 469 3567 quod
485 3499 634 3556 Mommsen
651 3503 733 3556 antea
749 3500 855 3570 quidem
878 3500 966 3566 (Rom.
982 3500 1079 3556 Claros.
1098 3517 1125 3570 p.
1137 3505 1195 3565 125)
1212 3500 1309 3555 habuit

162 3599 214 3655 pro
231 3583 392 3652 interpolato
409 3599 443 3638 ex
460 3585 611 3641 nominibus
629 3587 770 3642 consulum
787 3601 919 3642 annorum
937 3590 1032 3641 20451
1050 3589 1108 3653 295,
1131 3602 1204 3642 nunc
1222 3585 1310 3652 (Rom.

164 3666 279 3723 Forscb.
297 3667 325 3721 11
340 3684 368 3737 p.
379 3671 438 3734 261)
460 3683 495 3723 ex
516 3669 675 3738 antiquioris
698 3672 843 3726 memoriae
863 3670 984 3740 reliquiis
1005 3671 1119 3740 petitum
1144 3686 1205 3727 esse
1221 3674 1309 3740 putat.

164 3752 243 3821 Quod
262 3769 323 3809 curn
340 3768 436 3823 pamm
453 3755 488 3809 sit
504 3755 645 3823 probabile
660 3761 773 3826 propter
783 3755 876 3812 addita
888 3755 1054 3825 cognomina,
1072 3756 1193 3824 equidem
1206 3756 1309 3813 dissen-

164 3838 233 3894 sisse
249 3839 319 3893 inter
336 3853 366 3893 se
384 3838 505 3896 existimo
524 3840 757 3911 chronographum
774 3846 802 3895 et
818 3841 955 3896 annalium
973 3841 1143 3911 scriptorem,
1161 3842 1310 3899 Diodorum

165 3926 257 3978 autem
278 3924 411 3980 moenium
433 3924 492 3979 ueri
515 3924 655 3994 utriusque
676 3925 759 3980 fonds
777 3927 912 3995 recepisse
929 3925 1082 3996 collegium,
1099 3928 1139 3983 ita
1155 3927 1262 3998 quidem
1279 3932 1310 3984 ut

165 4006 242 4077 prius
260 4010 336 4064 cidus
354 4009 452 4064 desunt
469 4009 628 4078 cognomine
645 4027 679 4067 ex
696 4011 851 4078 annalibus,
868 4011 1003 4080 posterius
1020 4013 1092 4083 quod
1109 4013 1192 4068 habet
1210 4028 1309 4082 cogno·

166 4090 240 4146 mina
262 4109 295 4149 ex
319 4094 524 4166 chronographo
547 4100 683 4179 sumptum
704 4110 764 4152 esse
787 4096 929 4153 coniciam.
964 4097 1107 4155 Praeterea
1129 4098 1203 4168 apud
1222 4100 1310 4156 solum
