<?xml version="1.0" encoding="UTF-8"?>
<!DOCTYPE html PUBLIC "-//W3C//DTD XHTML 1.0 Transitional//EN"
    "http://www.w3.org/TR/xhtml1/DTD/xhtml1-transitional.dtd">
<html xmlns="http://www.w3.org/1999/xhtml" xml:lang="en" lang="en">
 <head>
  <title>
</title>
<meta http-equiv="Content-Type" content="text/html;charset=utf-8" />
  <meta name='ocr-system' content='tesseract 3.04.00' />
  <meta name='ocr-capabilities' content='ocr_page ocr_carea ocr_par ocr_line ocrx_word'/>
</head>
<body>
  <div class='ocr_page' id='page_1' title='image "./defastisconsula00cichgoog_0039.png"; bbox 0 0 3108 4902; ppageno 0'>
   <div class='ocr_carea' id='block_1_1' title="bbox 284 327 1011 388">
    <p class='ocr_par' dir='ltr' id='par_1_1' title="bbox 284 327 1011 388">
     <span class='ocr_line' id='line_1_1' title="bbox 284 327 1011 388; baseline -0.008 0"><span class='ocrx_word' id='word_1_1' title='bbox 284 328 345 388; x_wconf 85' lang='lat'><strong>200</strong></span> <span class='ocrx_word' id='word_1_2' title='bbox 712 328 853 384; x_wconf 73' lang='lat' dir='ltr'><strong>domatus</strong></span> <span class='ocrx_word' id='word_1_3' title='bbox 871 327 1011 383; x_wconf 84' lang='lat' dir='ltr'><strong>Oichorius</strong></span> 
     </span>
    </p>
   </div>
   <div class='ocr_carea' id='block_1_2' title="bbox 250 499 1442 3441">
    <p class='ocr_par' dir='ltr' id='par_1_2' title="bbox 278 499 1433 2114">
     <span class='ocr_line' id='line_1_2' title="bbox 284 499 1433 584; baseline -0.003 -17"><span class='ocrx_word' id='word_1_4' title='bbox 284 502 399 584; x_wconf 91' lang='lat' dir='ltr'><strong>quibus</strong></span> <span class='ocrx_word' id='word_1_5' title='bbox 422 508 556 584; x_wconf 90' lang='lat' dir='ltr'><strong>uterque</strong></span> <span class='ocrx_word' id='word_1_6' title='bbox 578 509 689 569; x_wconf 83' lang='lat' dir='ltr'><strong>auctor</strong></span> <span class='ocrx_word' id='word_1_7' title='bbox 710 500 802 567; x_wconf 82' lang='lat' dir='ltr'><strong>addit</strong></span> <span class='ocrx_word' id='word_1_8' title='bbox 832 501 1022 584; x_wconf 90' lang='lat' dir='ltr'><strong>cognomina</strong></span> <span class='ocrx_word' id='word_1_9' title='bbox 1042 536 1084 544; x_wconf 90' lang='lat'><strong>—</strong></span> <span class='ocrx_word' id='word_1_10' title='bbox 1105 521 1180 565; x_wconf 90' lang='lat' dir='ltr'><strong>nam</strong></span> <span class='ocrx_word' id='word_1_11' title='bbox 1202 499 1290 582; x_wconf 89' lang='lat' dir='ltr'><strong>apud</strong></span> <span class='ocrx_word' id='word_1_12' title='bbox 1312 500 1433 584; x_wconf 84' lang='lat' dir='ltr'><strong>Diony·</strong></span> 
     </span>
     <span class='ocr_line' id='line_1_3' title="bbox 283 603 1433 688; baseline -0.001 -18"><span class='ocrx_word' id='word_1_13' title='bbox 283 605 364 670; x_wconf 91' lang='lat' dir='ltr'><strong>sium</strong></span> <span class='ocrx_word' id='word_1_14' title='bbox 388 605 536 670; x_wconf 91' lang='lat' dir='ltr'><strong>nonnisi</strong></span> <span class='ocrx_word' id='word_1_15' title='bbox 559 607 592 669; x_wconf 91' lang='lat' dir='ltr'><strong>in</strong></span> <span class='ocrx_word' id='word_1_16' title='bbox 621 605 715 670; x_wconf 87' lang='lat' dir='ltr'><strong>certis</strong></span> <span class='ocrx_word' id='word_1_17' title='bbox 744 603 936 686; x_wconf 87' lang='lat' dir='ltr'><strong>quibusdam</strong></span> <span class='ocrx_word' id='word_1_18' title='bbox 963 603 1188 685; x_wconf 88' lang='lat' dir='ltr'><strong>antiquitatum</strong></span> <span class='ocrx_word' id='word_1_19' title='bbox 1211 603 1356 685; x_wconf 90' lang='lat' dir='ltr'><strong>partibus</strong></span> <span class='ocrx_word' id='word_1_20' title='bbox 1378 623 1433 688; x_wconf 89' lang='lat' dir='ltr'><strong>ap·</strong></span> 
     </span>
     <span class='ocr_line' id='line_1_4' title="bbox 282 703 1433 788; baseline 0 -18"><span class='ocrx_word' id='word_1_21' title='bbox 282 725 397 788; x_wconf 91' lang='lat' dir='ltr'><strong>parere</strong></span> <span class='ocrx_word' id='word_1_22' title='bbox 431 707 621 788; x_wconf 89' lang='lat' dir='ltr'><strong>cognomina</strong></span> <span class='ocrx_word' id='word_1_23' title='bbox 652 725 767 772; x_wconf 89' lang='lat' dir='ltr'><strong>moneo</strong></span> <span class='ocrx_word' id='word_1_24' title='bbox 789 705 941 772; x_wconf 91' lang='lat' dir='ltr'><strong>—idem</strong></span> <span class='ocrx_word' id='word_1_25' title='bbox 969 723 1071 786; x_wconf 89' lang='lat' dir='ltr'><strong>usque</strong></span> <span class='ocrx_word' id='word_1_26' title='bbox 1099 703 1277 787; x_wconf 86' lang='lat' dir='ltr'><strong>cognomen</strong></span> <span class='ocrx_word' id='word_1_27' title='bbox 1309 705 1433 772; x_wconf 87' lang='lat' dir='ltr'><strong>uidebi-</strong></span> 
     </span>
     <span class='ocr_line' id='line_1_5' title="bbox 282 806 1433 892; baseline 0.001 -21"><span class='ocrx_word' id='word_1_28' title='bbox 282 828 353 873; x_wconf 85' lang='lat' dir='ltr'><strong>mus</strong></span> <span class='ocrx_word' id='word_1_29' title='bbox 375 807 417 873; x_wconf 89' lang='lat' dir='ltr'><strong>ab</strong></span> <span class='ocrx_word' id='word_1_30' title='bbox 440 813 573 890; x_wconf 88' lang='lat' dir='ltr'><strong>utroque</strong></span> <span class='ocrx_word' id='word_1_31' title='bbox 588 809 738 892; x_wconf 91' lang='lat' dir='ltr'><strong>positum,</strong></span> <span class='ocrx_word' id='word_1_32' title='bbox 762 829 833 874; x_wconf 93' lang='lat' dir='ltr'><strong>cum</strong></span> <span class='ocrx_word' id='word_1_33' title='bbox 855 828 914 892; x_wconf 88' lang='lat' dir='ltr'><strong>per</strong></span> <span class='ocrx_word' id='word_1_34' title='bbox 935 806 970 873; x_wconf 96' lang='lat' dir='ltr'><strong>id</strong></span> <span class='ocrx_word' id='word_1_35' title='bbox 989 808 1095 891; x_wconf 91' lang='lat' dir='ltr'><strong>ipsum</strong></span> <span class='ocrx_word' id='word_1_36' title='bbox 1118 808 1271 891; x_wconf 89' lang='lat' dir='ltr'><strong>temporis</strong></span> <span class='ocrx_word' id='word_1_37' title='bbox 1294 809 1433 891; x_wconf 90' lang='lat' dir='ltr'><strong>spatium</strong></span> 
     </span>
     <span class='ocr_line' id='line_1_6' title="bbox 282 908 1432 994; baseline 0.003 -22"><span class='ocrx_word' id='word_1_38' title='bbox 282 908 443 976; x_wconf 91' lang='lat' dir='ltr'><strong>Diodorus</strong></span> <span class='ocrx_word' id='word_1_39' title='bbox 458 915 555 991; x_wconf 87' lang='lat' dir='ltr'><strong>atque</strong></span> <span class='ocrx_word' id='word_1_40' title='bbox 571 908 841 994; x_wconf 80' lang='lat' dir='ltr'><strong>Chronographus</strong></span> <span class='ocrx_word' id='word_1_41' title='bbox 857 911 890 974; x_wconf 92' lang='lat' dir='ltr'><strong>in</strong></span> <span class='ocrx_word' id='word_1_42' title='bbox 904 910 1036 991; x_wconf 87' lang='lat' dir='ltr'><strong>triginta</strong></span> <span class='ocrx_word' id='word_1_43' title='bbox 1050 908 1176 975; x_wconf 91' lang='lat' dir='ltr'><strong>duobus</strong></span> <span class='ocrx_word' id='word_1_44' title='bbox 1191 910 1432 992; x_wconf 80' lang='lat' dir='ltr'><strong>cognominibus</strong></span> 
     </span>
     <span class='ocr_line' id='line_1_7' title="bbox 283 1010 1433 1095; baseline 0.002 -20"><span class='ocrx_word' id='word_1_45' title='bbox 283 1011 434 1077; x_wconf 89' lang='lat' dir='ltr'><strong>differant</strong></span> <span class='ocrx_word' id='word_1_46' title='bbox 448 1012 489 1076; x_wconf 92' lang='lat' dir='ltr'><strong>ab</strong></span> <span class='ocrx_word' id='word_1_47' title='bbox 505 1011 620 1078; x_wconf 91' lang='lat' dir='ltr'><strong>Idatio.</strong></span> <span class='ocrx_word' id='word_1_48' title='bbox 649 1012 691 1077; x_wconf 86' lang='lat' dir='ltr'><strong>Et</strong></span> <span class='ocrx_word' id='word_1_49' title='bbox 705 1012 881 1095; x_wconf 91' lang='lat' dir='ltr'><strong>Dionysius</strong></span> <span class='ocrx_word' id='word_1_50' title='bbox 897 1010 1037 1094; x_wconf 89' lang='lat' dir='ltr'><strong>quidem,</strong></span> <span class='ocrx_word' id='word_1_51' title='bbox 1060 1030 1143 1093; x_wconf 88' lang='lat' dir='ltr'><strong>quae</strong></span> <span class='ocrx_word' id='word_1_52' title='bbox 1157 1012 1254 1076; x_wconf 90' lang='lat' dir='ltr'><strong>refert</strong></span> <span class='ocrx_word' id='word_1_53' title='bbox 1268 1013 1433 1078; x_wconf 91' lang='lat' dir='ltr'><strong>consulum</strong></span> 
     </span>
     <span class='ocr_line' id='line_1_8' title="bbox 281 1114 1433 1197; baseline 0.001 -20"><span class='ocrx_word' id='word_1_54' title='bbox 281 1114 421 1196; x_wconf 89' lang='lat' dir='ltr'><strong>nomina,</strong></span> <span class='ocrx_word' id='word_1_55' title='bbox 446 1132 487 1179; x_wconf 83' lang='lat' dir='ltr'><strong>ex</strong></span> <span class='ocrx_word' id='word_1_56' title='bbox 502 1115 665 1179; x_wconf 89' lang='lat' dir='ltr'><strong>annalium</strong></span> <span class='ocrx_word' id='word_1_57' title='bbox 680 1115 888 1197; x_wconf 77' lang='lat' dir='ltr'><strong>scriptoribus</strong></span> <span class='ocrx_word' id='word_1_58' title='bbox 914 1114 1051 1197; x_wconf 81' lang='lat' dir='ltr'><strong>sumpsit</strong></span> <span class='ocrx_word' id='word_1_59' title='bbox 1064 1133 1170 1196; x_wconf 89' lang='lat' dir='ltr'><strong>neque</strong></span> <span class='ocrx_word' id='word_1_60' title='bbox 1192 1114 1321 1179; x_wconf 89' lang='lat' dir='ltr'><strong>omnino</strong></span> <span class='ocrx_word' id='word_1_61' title='bbox 1343 1114 1433 1179; x_wconf 89' lang='lat' dir='ltr'><strong>nouit</strong></span> 
     </span>
     <span class='ocr_line' id='line_1_9' title="bbox 282 1214 1431 1299; baseline 0.003 -21"><span class='ocrx_word' id='word_1_62' title='bbox 282 1214 382 1281; x_wconf 83' lang='lat' dir='ltr'><strong>fastos</strong></span> <span class='ocrx_word' id='word_1_63' title='bbox 395 1214 604 1299; x_wconf 74' lang='lat' dir='ltr'><strong>Capitolinos.</strong></span> <span class='ocrx_word' id='word_1_64' title='bbox 626 1217 695 1280; x_wconf 89' lang='lat' dir='ltr'><strong>Iam</strong></span> <span class='ocrx_word' id='word_1_65' title='bbox 707 1217 804 1299; x_wconf 90' lang='lat' dir='ltr'><strong>igitur</strong></span> <span class='ocrx_word' id='word_1_66' title='bbox 819 1221 929 1282; x_wconf 84' lang='lat' dir='ltr'><strong>auctor</strong></span> <span class='ocrx_word' id='word_1_67' title='bbox 939 1215 1085 1281; x_wconf 82' lang='lat' dir='ltr'><strong>laterculi</strong></span> <span class='ocrx_word' id='word_1_68' title='bbox 1096 1214 1235 1280; x_wconf 89' lang='lat' dir='ltr'><strong>Idatiani</strong></span> <span class='ocrx_word' id='word_1_69' title='bbox 1246 1216 1431 1282; x_wconf 90' lang='lat' dir='ltr'><strong>statuendus</strong></span> 
     </span>
     <span class='ocr_line' id='line_1_10' title="bbox 282 1316 1430 1400; baseline 0.003 -20"><span class='ocrx_word' id='word_1_70' title='bbox 282 1322 368 1383; x_wconf 91' lang='lat' dir='ltr'><strong>esset</strong></span> <span class='ocrx_word' id='word_1_71' title='bbox 391 1336 432 1383; x_wconf 85' lang='lat' dir='ltr'><strong>ex</strong></span> <span class='ocrx_word' id='word_1_72' title='bbox 455 1317 539 1383; x_wconf 88' lang='lat' dir='ltr'><strong>binis</strong></span> <span class='ocrx_word' id='word_1_73' title='bbox 562 1318 614 1382; x_wconf 90' lang='lat' dir='ltr'><strong>uel</strong></span> <span class='ocrx_word' id='word_1_74' title='bbox 636 1318 735 1383; x_wconf 89' lang='lat' dir='ltr'><strong>ternis</strong></span> <span class='ocrx_word' id='word_1_75' title='bbox 756 1318 951 1383; x_wconf 79' lang='lat' dir='ltr'><strong>recensionis</strong></span> <span class='ocrx_word' id='word_1_76' title='bbox 966 1316 1168 1400; x_wconf 73' lang='lat' dir='ltr'><strong>Capitolinae</strong></span> <span class='ocrx_word' id='word_1_77' title='bbox 1189 1318 1430 1399; x_wconf 82' lang='lat' dir='ltr'><strong>cognominibus</strong></span> 
     </span>
     <span class='ocr_line' id='line_1_11' title="bbox 280 1418 1430 1502; baseline 0.002 -20"><span class='ocrx_word' id='word_1_78' title='bbox 280 1419 361 1484; x_wconf 89' lang='lat' dir='ltr'><strong>miro</strong></span> <span class='ocrx_word' id='word_1_79' title='bbox 396 1438 472 1486; x_wconf 90' lang='lat' dir='ltr'><strong>casu</strong></span> <span class='ocrx_word' id='word_1_80' title='bbox 495 1419 530 1484; x_wconf 93' lang='lat' dir='ltr'><strong>id</strong></span> <span class='ocrx_word' id='word_1_81' title='bbox 551 1421 656 1502; x_wconf 92' lang='lat' dir='ltr'><strong>ipsum</strong></span> <span class='ocrx_word' id='word_1_82' title='bbox 677 1438 779 1502; x_wconf 90' lang='lat' dir='ltr'><strong>usque</strong></span> <span class='ocrx_word' id='word_1_83' title='bbox 803 1420 939 1502; x_wconf 89' lang='lat' dir='ltr'><strong>elegisse</strong></span> <span class='ocrx_word' id='word_1_84' title='bbox 963 1439 1156 1502; x_wconf 82' lang='lat' dir='ltr'><strong>cognomen,</strong></span> <span class='ocrx_word' id='word_1_85' title='bbox 1192 1419 1278 1501; x_wconf 87' lang='lat' dir='ltr'><strong>quod</strong></span> <span class='ocrx_word' id='word_1_86' title='bbox 1300 1418 1430 1502; x_wconf 90' lang='lat' dir='ltr'><strong>quidem</strong></span> 
     </span>
     <span class='ocr_line' id='line_1_12' title="bbox 280 1519 1427 1604; baseline 0.003 -20"><span class='ocrx_word' id='word_1_87' title='bbox 280 1520 456 1604; x_wconf 86' lang='lat' dir='ltr'><strong>Dionysius</strong></span> <span class='ocrx_word' id='word_1_88' title='bbox 485 1522 518 1585; x_wconf 92' lang='lat' dir='ltr'><strong>in</strong></span> <span class='ocrx_word' id='word_1_89' title='bbox 547 1521 650 1603; x_wconf 83' lang='lat' dir='ltr'><strong>fonte,</strong></span> <span class='ocrx_word' id='word_1_90' title='bbox 681 1527 747 1587; x_wconf 87' lang='lat' dir='ltr'><strong>tum</strong></span> <span class='ocrx_word' id='word_1_91' title='bbox 776 1522 858 1586; x_wconf 87' lang='lat' dir='ltr'><strong>forte</strong></span> <span class='ocrx_word' id='word_1_92' title='bbox 886 1519 1047 1603; x_wconf 88' lang='lat' dir='ltr'><strong>adhibito,</strong></span> <span class='ocrx_word' id='word_1_93' title='bbox 1087 1522 1202 1603; x_wconf 89' lang='lat' dir='ltr'><strong>legerit</strong></span> <span class='ocrx_word' id='word_1_94' title='bbox 1234 1519 1427 1587; x_wconf 89' lang='lat' dir='ltr'><strong>adnotatum.</strong></span> 
     </span>
     <span class='ocr_line' id='line_1_13' title="bbox 281 1621 1428 1707; baseline 0.001 -20"><span class='ocrx_word' id='word_1_95' title='bbox 281 1621 384 1699; x_wconf 81' lang='lat' dir='ltr'><strong>Quem</strong></span> <span class='ocrx_word' id='word_1_96' title='bbox 407 1642 596 1689; x_wconf 88' lang='lat' dir='ltr'><strong>consensum</strong></span> <span class='ocrx_word' id='word_1_97' title='bbox 620 1623 770 1690; x_wconf 82' lang='lat' dir='ltr'><strong>effectum</strong></span> <span class='ocrx_word' id='word_1_98' title='bbox 791 1642 862 1690; x_wconf 89' lang='lat' dir='ltr'><strong>esse</strong></span> <span class='ocrx_word' id='word_1_99' title='bbox 885 1643 961 1689; x_wconf 89' lang='lat' dir='ltr'><strong>casu</strong></span> <span class='ocrx_word' id='word_1_100' title='bbox 982 1643 1077 1688; x_wconf 89' lang='lat' dir='ltr'><strong>nemo</strong></span> <span class='ocrx_word' id='word_1_101' title='bbox 1100 1622 1293 1688; x_wconf 87' lang='lat' dir='ltr'><strong>contendere</strong></span> <span class='ocrx_word' id='word_1_102' title='bbox 1314 1630 1428 1707; x_wconf 87' lang='lat' dir='ltr'><strong>potest,</strong></span> 
     </span>
     <span class='ocr_line' id='line_1_14' title="bbox 280 1724 1429 1809; baseline 0.002 -21"><span class='ocrx_word' id='word_1_103' title='bbox 280 1725 335 1806; x_wconf 88' lang='lat' dir='ltr'><strong>qui</strong></span> <span class='ocrx_word' id='word_1_104' title='bbox 357 1726 515 1791; x_wconf 89' lang='lat' dir='ltr'><strong>memoria</strong></span> <span class='ocrx_word' id='word_1_105' title='bbox 537 1725 668 1807; x_wconf 86' lang='lat' dir='ltr'><strong>tenebit,</strong></span> <span class='ocrx_word' id='word_1_106' title='bbox 689 1725 840 1809; x_wconf 88' lang='lat' dir='ltr'><strong>Idatium,</strong></span> <span class='ocrx_word' id='word_1_107' title='bbox 868 1731 904 1790; x_wconf 94' lang='lat' dir='ltr'><strong>ut</strong></span> <span class='ocrx_word' id='word_1_108' title='bbox 926 1745 1023 1808; x_wconf 89' lang='lat' dir='ltr'><strong>supra</strong></span> <span class='ocrx_word' id='word_1_109' title='bbox 1045 1724 1273 1808; x_wconf 88' lang='lat' dir='ltr'><strong>demonstraui,</strong></span> <span class='ocrx_word' id='word_1_110' title='bbox 1302 1726 1334 1790; x_wconf 94' lang='lat' dir='ltr'><strong>in</strong></span> <span class='ocrx_word' id='word_1_111' title='bbox 1357 1726 1429 1791; x_wconf 90' lang='lat' dir='ltr'><strong>aliis</strong></span> 
     </span>
     <span class='ocr_line' id='line_1_15' title="bbox 280 1826 1428 1910; baseline 0.001 -18"><span class='ocrx_word' id='word_1_112' title='bbox 280 1845 409 1909; x_wconf 88' lang='lat' dir='ltr'><strong>quoquc</strong></span> <span class='ocrx_word' id='word_1_113' title='bbox 422 1828 529 1910; x_wconf 88' lang='lat' dir='ltr'><strong>rebus,</strong></span> <span class='ocrx_word' id='word_1_114' title='bbox 553 1828 693 1894; x_wconf 85' lang='lat' dir='ltr'><strong>maxime</strong></span> <span class='ocrx_word' id='word_1_115' title='bbox 707 1829 741 1893; x_wconf 93' lang='lat' dir='ltr'><strong>in</strong></span> <span class='ocrx_word' id='word_1_116' title='bbox 757 1828 889 1894; x_wconf 88' lang='lat' dir='ltr'><strong>consule</strong></span> <span class='ocrx_word' id='word_1_117' title='bbox 903 1827 1065 1892; x_wconf 88' lang='lat' dir='ltr'><strong>ordinario</strong></span> <span class='ocrx_word' id='word_1_118' title='bbox 1080 1829 1156 1892; x_wconf 89' lang='lat' dir='ltr'><strong>anni</strong></span> <span class='ocrx_word' id='word_1_119' title='bbox 1172 1830 1244 1909; x_wconf 78' lang='lat'><strong>276,</strong></span> <span class='ocrx_word' id='word_1_120' title='bbox 1267 1826 1302 1893; x_wconf 80' lang='lat'><strong>0.</strong></span> <span class='ocrx_word' id='word_1_121' title='bbox 1315 1826 1428 1910; x_wconf 84' lang='lat' dir='ltr'><strong>Sergio</strong></span> 
     </span>
     <span class='ocr_line' id='line_1_16' title="bbox 278 1929 1429 2012; baseline 0.002 -18"><span class='ocrx_word' id='word_1_122' title='bbox 278 1929 447 2011; x_wconf 84' lang='lat' dir='ltr'><strong>Esquilino</strong></span> <span class='ocrx_word' id='word_1_123' title='bbox 470 1931 522 2005; x_wconf 86' lang='lat' dir='ltr'><strong>(cf.</strong></span> <span class='ocrx_word' id='word_1_124' title='bbox 538 1950 569 2012; x_wconf 94' lang='lat' dir='ltr'><strong>p.</strong></span> <span class='ocrx_word' id='word_1_125' title='bbox 582 1932 642 1994; x_wconf 80' lang='grc'>1118</span> <span class='ocrx_word' id='word_1_126' title='bbox 657 1929 731 1996; x_wconf 90' lang='lat' dir='ltr'><strong>adn.</strong></span> <span class='ocrx_word' id='word_1_127' title='bbox 742 1933 772 2006; x_wconf 89' lang='lat'><strong>1)</strong></span> <span class='ocrx_word' id='word_1_128' title='bbox 795 1935 906 1996; x_wconf 88' lang='lat' dir='ltr'><strong>contra</strong></span> <span class='ocrx_word' id='word_1_129' title='bbox 920 1930 1060 2011; x_wconf 89' lang='lat' dir='ltr'><strong>reliquos</strong></span> <span class='ocrx_word' id='word_1_130' title='bbox 1082 1935 1228 1996; x_wconf 88' lang='lat' dir='ltr'><strong>auctores</strong></span> <span class='ocrx_word' id='word_1_131' title='bbox 1251 1930 1429 1996; x_wconf 89' lang='lat' dir='ltr'><strong>consentire</strong></span> 
     </span>
     <span class='ocr_line' id='line_1_17' title="bbox 279 2031 542 2114; baseline 0 -18"><span class='ocrx_word' id='word_1_132' title='bbox 279 2050 351 2097; x_wconf 93' lang='lat' dir='ltr'><strong>cum</strong></span> <span class='ocrx_word' id='word_1_133' title='bbox 374 2031 542 2114; x_wconf 85' lang='lat' dir='ltr'><strong>Dionysio.</strong></span> 
     </span>
    </p>

    <p class='ocr_par' dir='ltr' id='par_1_3' title="bbox 277 2132 1429 2607">
     <span class='ocr_line' id='line_1_18' title="bbox 363 2132 1429 2217; baseline 0.002 -19"><span class='ocrx_word' id='word_1_134' title='bbox 363 2132 443 2198; x_wconf 91' lang='lat' dir='ltr'><strong>Inde</strong></span> <span class='ocrx_word' id='word_1_135' title='bbox 466 2134 507 2198; x_wconf 91' lang='lat' dir='ltr'><strong>ab</strong></span> <span class='ocrx_word' id='word_1_136' title='bbox 535 2152 619 2199; x_wconf 91' lang='lat' dir='ltr'><strong>anno</strong></span> <span class='ocrx_word' id='word_1_137' title='bbox 642 2136 701 2197; x_wconf 82' lang='lat'><strong>311</strong></span> <span class='ocrx_word' id='word_1_138' title='bbox 726 2132 800 2199; x_wconf 91' lang='lat' dir='ltr'><strong>libri</strong></span> <span class='ocrx_word' id='word_1_139' title='bbox 823 2133 972 2216; x_wconf 88' lang='lat' dir='ltr'><strong>Dionysii</strong></span> <span class='ocrx_word' id='word_1_140' title='bbox 996 2133 1111 2199; x_wconf 90' lang='lat' dir='ltr'><strong>desunt</strong></span> <span class='ocrx_word' id='word_1_141' title='bbox 1118 2182 1126 2217; x_wconf 97' lang='lat'><strong>,</strong></span> <span class='ocrx_word' id='word_1_142' title='bbox 1156 2133 1293 2199; x_wconf 87' lang='lat' dir='ltr'><strong>feliciter</strong></span> <span class='ocrx_word' id='word_1_143' title='bbox 1322 2139 1429 2200; x_wconf 89' lang='lat' dir='ltr'><strong>autem</strong></span> 
     </span>
     <span class='ocr_line' id='line_1_19' title="bbox 279 2234 1429 2319; baseline 0.002 -19"><span class='ocrx_word' id='word_1_144' title='bbox 279 2235 400 2319; x_wconf 90' lang='lat' dir='ltr'><strong>euenit,</strong></span> <span class='ocrx_word' id='word_1_145' title='bbox 431 2234 518 2317; x_wconf 87' lang='lat' dir='ltr'><strong>quod</strong></span> <span class='ocrx_word' id='word_1_146' title='bbox 545 2236 655 2318; x_wconf 91' lang='lat' dir='ltr'><strong>paullo</strong></span> <span class='ocrx_word' id='word_1_147' title='bbox 678 2241 762 2318; x_wconf 89' lang='lat' dir='ltr'><strong>ante,</strong></span> <span class='ocrx_word' id='word_1_148' title='bbox 792 2235 833 2300; x_wconf 90' lang='lat' dir='ltr'><strong>ab</strong></span> <span class='ocrx_word' id='word_1_149' title='bbox 856 2254 940 2301; x_wconf 90' lang='lat' dir='ltr'><strong>anno</strong></span> <span class='ocrx_word' id='word_1_150' title='bbox 964 2239 1025 2300; x_wconf 84' lang='grc'>3113</span> <span class='ocrx_word' id='word_1_151' title='bbox 1048 2235 1177 2319; x_wconf 86' lang='lat' dir='ltr'><strong>Liuius,</strong></span> <span class='ocrx_word' id='word_1_152' title='bbox 1207 2255 1302 2318; x_wconf 92' lang='lat' dir='ltr'><strong>quem</strong></span> <span class='ocrx_word' id='word_1_153' title='bbox 1324 2236 1429 2302; x_wconf 88' lang='lat' dir='ltr'><strong>isdem</strong></span> 
     </span>
     <span class='ocr_line' id='line_1_20' title="bbox 279 2337 1429 2422; baseline 0.004 -21"><span class='ocrx_word' id='word_1_154' title='bbox 279 2337 395 2419; x_wconf 88' lang='lat' dir='ltr'><strong>quibus</strong></span> <span class='ocrx_word' id='word_1_155' title='bbox 411 2337 604 2420; x_wconf 91' lang='lat' dir='ltr'><strong>Dionysium</strong></span> <span class='ocrx_word' id='word_1_156' title='bbox 626 2356 718 2404; x_wconf 89' lang='lat' dir='ltr'><strong>usum</strong></span> <span class='ocrx_word' id='word_1_157' title='bbox 741 2356 812 2403; x_wconf 89' lang='lat' dir='ltr'><strong>esse</strong></span> <span class='ocrx_word' id='word_1_158' title='bbox 834 2338 1003 2404; x_wconf 86' lang='lat' dir='ltr'><strong>annalibus</strong></span> <span class='ocrx_word' id='word_1_159' title='bbox 1019 2342 1151 2421; x_wconf 88' lang='lat' dir='ltr'><strong>constat,</strong></span> <span class='ocrx_word' id='word_1_160' title='bbox 1174 2344 1265 2403; x_wconf 89' lang='lat' dir='ltr'><strong>terna</strong></span> <span class='ocrx_word' id='word_1_161' title='bbox 1286 2340 1429 2422; x_wconf 88' lang='lat' dir='ltr'><strong>prolerre</strong></span> 
     </span>
     <span class='ocr_line' id='line_1_21' title="bbox 278 2439 1429 2525; baseline 0.003 -21"><span class='ocrx_word' id='word_1_162' title='bbox 278 2439 385 2523; x_wconf 89' lang='lat' dir='ltr'><strong>coepit</strong></span> <span class='ocrx_word' id='word_1_163' title='bbox 407 2440 537 2505; x_wconf 90' lang='lat' dir='ltr'><strong>nomina</strong></span> <span class='ocrx_word' id='word_1_164' title='bbox 559 2439 735 2522; x_wconf 88' lang='lat' dir='ltr'><strong>consulum,</strong></span> <span class='ocrx_word' id='word_1_165' title='bbox 759 2440 886 2507; x_wconf 91' lang='lat' dir='ltr'><strong>omissis</strong></span> <span class='ocrx_word' id='word_1_166' title='bbox 908 2439 950 2505; x_wconf 91' lang='lat' dir='ltr'><strong>ad</strong></span> <span class='ocrx_word' id='word_1_167' title='bbox 973 2440 1064 2505; x_wconf 92' lang='lat' dir='ltr'><strong>illum</strong></span> <span class='ocrx_word' id='word_1_168' title='bbox 1091 2459 1208 2505; x_wconf 93' lang='lat' dir='ltr'><strong>annum</strong></span> <span class='ocrx_word' id='word_1_169' title='bbox 1232 2460 1331 2523; x_wconf 89' lang='lat' dir='ltr'><strong>usque</strong></span> <span class='ocrx_word' id='word_1_170' title='bbox 1355 2460 1429 2525; x_wconf 88' lang='lat' dir='ltr'><strong>cog·</strong></span> 
     </span>
     <span class='ocr_line' id='line_1_22' title="bbox 277 2541 467 2607; baseline -0.005 -1"><span class='ocrx_word' id='word_1_171' title='bbox 277 2541 467 2607; x_wconf 90' lang='lat' dir='ltr'><strong>nominibus.</strong></span> 
     </span>
    </p>

    <p class='ocr_par' dir='ltr' id='par_1_4' title="bbox 250 2642 1442 3441">
     <span class='ocr_line' id='line_1_23' title="bbox 363 2642 1429 2727; baseline 0.003 -19"><span class='ocrx_word' id='word_1_172' title='bbox 363 2645 411 2709; x_wconf 90' lang='lat' dir='ltr'><strong>Ac</strong></span> <span class='ocrx_word' id='word_1_173' title='bbox 433 2644 461 2709; x_wconf 91' lang='lat' dir='ltr'><strong>si</strong></span> <span class='ocrx_word' id='word_1_174' title='bbox 477 2643 592 2708; x_wconf 90' lang='lat' dir='ltr'><strong>cadem</strong></span> <span class='ocrx_word' id='word_1_175' title='bbox 607 2644 741 2727; x_wconf 89' lang='lat' dir='ltr'><strong>ratione,</strong></span> <span class='ocrx_word' id='word_1_176' title='bbox 765 2662 829 2726; x_wconf 91' lang='lat' dir='ltr'><strong>qua</strong></span> <span class='ocrx_word' id='word_1_177' title='bbox 843 2663 941 2726; x_wconf 89' lang='lat' dir='ltr'><strong>supra</strong></span> <span class='ocrx_word' id='word_1_178' title='bbox 956 2663 1027 2708; x_wconf 90' lang='lat' dir='ltr'><strong>cum</strong></span> <span class='ocrx_word' id='word_1_179' title='bbox 1043 2642 1261 2727; x_wconf 87' lang='lat' dir='ltr'><strong>Dionysianis,</strong></span> <span class='ocrx_word' id='word_1_180' title='bbox 1283 2644 1330 2710; x_wconf 91' lang='lat' dir='ltr'><strong>sic</strong></span> <span class='ocrx_word' id='word_1_181' title='bbox 1343 2664 1429 2711; x_wconf 88' lang='lat' dir='ltr'><strong>nuno</strong></span> 
     </span>
     <span class='ocr_line' id='line_1_24' title="bbox 250 2744 1427 2829; baseline 0.006 -25"><span class='ocrx_word' id='word_1_182' title='bbox 250 2801 251 2804; x_wconf 74' lang='grc'>,</span> <span class='ocrx_word' id='word_1_183' title='bbox 278 2765 349 2809; x_wconf 89' lang='lat' dir='ltr'><strong>cum</strong></span> <span class='ocrx_word' id='word_1_184' title='bbox 374 2745 616 2826; x_wconf 85' lang='lat' dir='ltr'><strong>cognominibus</strong></span> <span class='ocrx_word' id='word_1_185' title='bbox 641 2764 724 2827; x_wconf 88' lang='lat' dir='ltr'><strong>quae</strong></span> <span class='ocrx_word' id='word_1_186' title='bbox 747 2744 879 2811; x_wconf 85' lang='lat' dir='ltr'><strong>exhibet</strong></span> <span class='ocrx_word' id='word_1_187' title='bbox 900 2745 1011 2810; x_wconf 88' lang='lat' dir='ltr'><strong>Liuius</strong></span> <span class='ocrx_word' id='word_1_188' title='bbox 1040 2747 1332 2829; x_wconf 89' lang='lat' dir='ltr'><strong>comparauerimns</strong></span> <span class='ocrx_word' id='word_1_189' title='bbox 1354 2745 1427 2811; x_wconf 93' lang='lat' dir='ltr'><strong>Ida-</strong></span> 
     </span>
     <span class='ocr_line' id='line_1_25' title="bbox 278 2844 1427 2931; baseline 0.003 -21"><span class='ocrx_word' id='word_1_190' title='bbox 278 2847 381 2928; x_wconf 89' lang='lat' dir='ltr'><strong>tiana,</strong></span> <span class='ocrx_word' id='word_1_191' title='bbox 408 2844 495 2910; x_wconf 89' lang='lat' dir='ltr'><strong>idem</strong></span> <span class='ocrx_word' id='word_1_192' title='bbox 523 2845 610 2927; x_wconf 87' lang='lat' dir='ltr'><strong>quod</strong></span> <span class='ocrx_word' id='word_1_193' title='bbox 639 2846 781 2928; x_wconf 92' lang='lat' dir='ltr'><strong>inillis,</strong></span> <span class='ocrx_word' id='word_1_194' title='bbox 811 2848 844 2911; x_wconf 92' lang='lat' dir='ltr'><strong>in</strong></span> <span class='ocrx_word' id='word_1_195' title='bbox 874 2846 923 2911; x_wconf 90' lang='lat' dir='ltr'><strong>his</strong></span> <span class='ocrx_word' id='word_1_196' title='bbox 952 2865 1079 2930; x_wconf 86' lang='lat' dir='ltr'><strong>quoque</strong></span> <span class='ocrx_word' id='word_1_197' title='bbox 1103 2847 1427 2931; x_wconf 73' lang='lat' dir='ltr'><strong>comprehendemus,</strong></span> 
     </span>
     <span class='ocr_line' id='line_1_26' title="bbox 276 2948 1429 3030; baseline 0.005 -19"><span class='ocrx_word' id='word_1_198' title='bbox 276 2968 352 3012; x_wconf 92' lang='lat' dir='ltr'><strong>nam</strong></span> <span class='ocrx_word' id='word_1_199' title='bbox 375 2967 446 3013; x_wconf 94' lang='lat' dir='ltr'><strong>cum</strong></span> <span class='ocrx_word' id='word_1_200' title='bbox 467 2948 599 3030; x_wconf 90' lang='lat' dir='ltr'><strong>triginta</strong></span> <span class='ocrx_word' id='word_1_201' title='bbox 621 2967 679 3013; x_wconf 86' lang='lat' dir='ltr'><strong>sex</strong></span> <span class='ocrx_word' id='word_1_202' title='bbox 694 2949 840 3014; x_wconf 90' lang='lat' dir='ltr'><strong>consules</strong></span> <span class='ocrx_word' id='word_1_203' title='bbox 855 2949 939 3015; x_wconf 90' lang='lat' dir='ltr'><strong>iutra</strong></span> <span class='ocrx_word' id='word_1_204' title='bbox 953 2969 1054 3016; x_wconf 90' lang='lat' dir='ltr'><strong>annos</strong></span> <span class='ocrx_word' id='word_1_205' title='bbox 1071 2951 1132 3012; x_wconf 83' lang='grc'>3119</span> <span class='ocrx_word' id='word_1_206' title='bbox 1148 2954 1180 3015; x_wconf 90' lang='lat' dir='ltr'><strong>et</strong></span> <span class='ocrx_word' id='word_1_207' title='bbox 1192 2952 1254 3014; x_wconf 78' lang='lat'><strong>362</strong></span> <span class='ocrx_word' id='word_1_208' title='bbox 1270 2956 1302 3016; x_wconf 90' lang='lat' dir='ltr'><strong>et</strong></span> <span class='ocrx_word' id='word_1_209' title='bbox 1316 2950 1429 3017; x_wconf 89' lang='lat' dir='ltr'><strong>Liuius</strong></span> 
     </span>
     <span class='ocr_line' id='line_1_27' title="bbox 277 3049 1430 3137; baseline 0.003 -22"><span class='ocrx_word' id='word_1_210' title='bbox 277 3056 309 3115; x_wconf 90' lang='lat' dir='ltr'><strong>et</strong></span> <span class='ocrx_word' id='word_1_211' title='bbox 324 3049 448 3116; x_wconf 92' lang='lat' dir='ltr'><strong>Idatius</strong></span> <span class='ocrx_word' id='word_1_212' title='bbox 463 3050 584 3116; x_wconf 88' lang='lat' dir='ltr'><strong>additis</strong></span> <span class='ocrx_word' id='word_1_213' title='bbox 600 3051 841 3134; x_wconf 89' lang='lat' dir='ltr'><strong>cognominibus</strong></span> <span class='ocrx_word' id='word_1_214' title='bbox 857 3051 964 3134; x_wconf 87' lang='lat' dir='ltr'><strong>edant,</strong></span> <span class='ocrx_word' id='word_1_215' title='bbox 986 3052 1117 3134; x_wconf 87' lang='lat' dir='ltr'><strong>triginta</strong></span> <span class='ocrx_word' id='word_1_216' title='bbox 1144 3052 1284 3134; x_wconf 88' lang='lat' dir='ltr'><strong>quinque</strong></span> <span class='ocrx_word' id='word_1_217' title='bbox 1296 3055 1317 3131; x_wconf 83' lang='lat'><strong>¹)</strong></span> <span class='ocrx_word' id='word_1_218' title='bbox 1340 3051 1430 3137; x_wconf 91' lang='lat' dir='ltr'><strong>apud</strong></span> 
     </span>
     <span class='ocr_line' id='line_1_28' title="bbox 275 3151 1429 3236; baseline 0.003 -19"><span class='ocrx_word' id='word_1_219' title='bbox 275 3158 445 3234; x_wconf 90' lang='lat' dir='ltr'><strong>utrumque</strong></span> <span class='ocrx_word' id='word_1_220' title='bbox 468 3158 629 3218; x_wconf 89' lang='lat' dir='ltr'><strong>auctorem</strong></span> <span class='ocrx_word' id='word_1_221' title='bbox 653 3151 740 3218; x_wconf 92' lang='lat' dir='ltr'><strong>idem</strong></span> <span class='ocrx_word' id='word_1_222' title='bbox 755 3159 869 3235; x_wconf 89' lang='lat' dir='ltr'><strong>gerunt</strong></span> <span class='ocrx_word' id='word_1_223' title='bbox 884 3173 1070 3236; x_wconf 89' lang='lat' dir='ltr'><strong>cognomen.</strong></span> <span class='ocrx_word' id='word_1_224' title='bbox 1106 3153 1196 3220; x_wconf 91' lang='lat' dir='ltr'><strong>Unus</strong></span> <span class='ocrx_word' id='word_1_225' title='bbox 1218 3155 1295 3219; x_wconf 89' lang='lat' dir='ltr'><strong>facit</strong></span> <span class='ocrx_word' id='word_1_226' title='bbox 1318 3160 1429 3220; x_wconf 91' lang='lat' dir='ltr'><strong>contra</strong></span> 
     </span>
     <span class='ocr_line' id='line_1_29' title="bbox 276 3246 1430 3338; baseline 0.003 -19"><span class='ocrx_word' id='word_1_227' title='bbox 276 3255 387 3320; x_wconf 92' lang='lat' dir='ltr'><strong>consul</strong></span> <span class='ocrx_word' id='word_1_228' title='bbox 402 3254 477 3317; x_wconf 90' lang='lat' dir='ltr'><strong>anni</strong></span> <span class='ocrx_word' id='word_1_229' title='bbox 494 3256 554 3318; x_wconf 84' lang='lat'><strong>312</strong></span> <span class='ocrx_word' id='word_1_230' title='bbox 571 3254 657 3320; x_wconf 90' lang='lat' dir='ltr'><strong>Post.</strong></span> <span class='ocrx_word' id='word_1_231' title='bbox 672 3253 837 3338; x_wconf 81' lang='lat' dir='ltr'><strong>Aebutius,</strong></span> <span class='ocrx_word' id='word_1_232' title='bbox 854 3274 949 3337; x_wconf 91' lang='lat' dir='ltr'><strong>quem</strong></span> <span class='ocrx_word' id='word_1_233' title='bbox 969 3260 1064 3320; x_wconf 90' lang='lat' dir='ltr'><strong>uocat</strong></span> <span class='ocrx_word' id='word_1_234' title='bbox 1073 3246 1301 3321; x_wconf 48' lang='lat' dir='ltr'><strong>{Cornicinem&#39;</strong></span> <span class='ocrx_word' id='word_1_235' title='bbox 1316 3255 1430 3322; x_wconf 87' lang='lat' dir='ltr'><strong>Liuius</strong></span> 
     </span>
     <span class='ocr_line' id='line_1_30' title="bbox 275 3346 1442 3441; baseline 0.003 -22"><span class='ocrx_word' id='word_1_236' title='bbox 275 3357 398 3440; x_wconf 82' lang='grc'>(4,11),</span> <span class='ocrx_word' id='word_1_237' title='bbox 418 3346 559 3420; x_wconf 84' lang='lat' dir='ltr'><strong>‘Eluam&#39;</strong></span> <span class='ocrx_word' id='word_1_238' title='bbox 579 3354 713 3440; x_wconf 91' lang='lat' dir='ltr'><strong>Idatius,</strong></span> <span class='ocrx_word' id='word_1_239' title='bbox 743 3356 924 3423; x_wconf 80' lang='lat' dir='ltr'><strong>Chronicon</strong></span> <span class='ocrx_word' id='word_1_240' title='bbox 946 3355 1114 3439; x_wconf 89' lang='lat' dir='ltr'><strong>Paschale,</strong></span> <span class='ocrx_word' id='word_1_241' title='bbox 1145 3355 1442 3441; x_wconf 68' lang='lat' dir='ltr'><strong>Chronographus,</strong></span> 
     </span>
    </p>
   </div>
   <div class='ocr_carea' id='block_1_3' title="bbox 276 3492 480 3501">
    <p class='ocr_par' dir='ltr' id='par_1_5' title="bbox 276 3492 480 3501">
     <span class='ocr_line' id='line_1_31' title="bbox 276 3492 480 3501; baseline -0.005 0"><span class='ocrx_word' id='word_1_242' title='bbox 276 3492 480 3501; x_wconf 75' lang='lat'><strong>-——---</strong></span> 
     </span>
    </p>
   </div>
   <div class='ocr_carea' id='block_1_4' title="bbox 269 3565 1432 4150">
    <p class='ocr_par' dir='ltr' id='par_1_6' title="bbox 269 3565 1432 4150">
     <span class='ocr_line' id='line_1_32' title="bbox 363 3565 1430 3641; baseline -0.001 -14"><span class='ocrx_word' id='word_1_243' title='bbox 363 3578 386 3638; x_wconf 83' lang='lat'><strong>1)</strong></span> <span class='ocrx_word' id='word_1_244' title='bbox 405 3572 481 3640; x_wconf 75' lang='lat' dir='ltr'><strong>Quod</strong></span> <span class='ocrx_word' id='word_1_245' title='bbox 498 3573 635 3627; x_wconf 88' lang='lat' dir='ltr'><strong>consulem</strong></span> <span class='ocrx_word' id='word_1_246' title='bbox 647 3573 712 3628; x_wconf 84' lang='lat' dir='ltr'><strong>anni</strong></span> <span class='ocrx_word' id='word_1_247' title='bbox 724 3577 773 3627; x_wconf 84' lang='grc'><strong>321</strong></span> <span class='ocrx_word' id='word_1_248' title='bbox 791 3571 895 3627; x_wconf 83' lang='lat' dir='ltr'><strong>idatius</strong></span> <span class='ocrx_word' id='word_1_249' title='bbox 913 3571 978 3627; x_wconf 87' lang='lat' dir='ltr'><strong>dicit</strong></span> <span class='ocrx_word' id='word_1_250' title='bbox 991 3565 1154 3638; x_wconf 66' lang='grc' dir='ltr'><strong>ι1111111111,</strong></span> <span class='ocrx_word' id='word_1_251' title='bbox 1171 3573 1267 3628; x_wconf 88' lang='lat' dir='ltr'><strong>Liuius</strong></span> <span class='ocrx_word' id='word_1_252' title='bbox 1281 3566 1430 3641; x_wconf 83' lang='lat' dir='ltr'><strong>‘Ahalam&#39;,</strong></span> 
     </span>
     <span class='ocr_line' id='line_1_33' title="bbox 272 3656 1431 3726; baseline 0 -15"><span class='ocrx_word' id='word_1_253' title='bbox 272 3657 345 3712; x_wconf 89' lang='lat' dir='ltr'><strong>idem</strong></span> <span class='ocrx_word' id='word_1_254' title='bbox 363 3672 509 3726; x_wconf 86' lang='lat' dir='ltr'><strong>cognomen</strong></span> <span class='ocrx_word' id='word_1_255' title='bbox 527 3660 641 3726; x_wconf 86' lang='lat' dir='ltr'><strong>uterque</strong></span> <span class='ocrx_word' id='word_1_256' title='bbox 659 3658 749 3712; x_wconf 88' lang='lat' dir='ltr'><strong>sentit.</strong></span> <span class='ocrx_word' id='word_1_257' title='bbox 776 3656 923 3712; x_wconf 80' lang='lat' dir='ltr'><strong>Manifesta</strong></span> <span class='ocrx_word' id='word_1_258' title='bbox 941 3672 1032 3712; x_wconf 88' lang='lat' dir='ltr'><strong>errore</strong></span> <span class='ocrx_word' id='word_1_259' title='bbox 1044 3657 1139 3712; x_wconf 86' lang='lat' dir='ltr'><strong>Liuius</strong></span> <span class='ocrx_word' id='word_1_260' title='bbox 1157 3672 1228 3712; x_wconf 90' lang='lat' dir='ltr'><strong>anno</strong></span> <span class='ocrx_word' id='word_1_261' title='bbox 1241 3661 1291 3712; x_wconf 85' lang='grc'><strong>313</strong></span> <span class='ocrx_word' id='word_1_262' title='bbox 1310 3658 1431 3712; x_wconf 86' lang='lat' dir='ltr'><strong>alterum</strong></span> 
     </span>
     <span class='ocr_line' id='line_1_34' title="bbox 274 3741 1431 3812; baseline 0.001 -15"><span class='ocrx_word' id='word_1_263' title='bbox 274 3742 412 3797; x_wconf 86' lang='lat' dir='ltr'><strong>consulem</strong></span> <span class='ocrx_word' id='word_1_264' title='bbox 425 3742 491 3797; x_wconf 88' lang='lat' dir='ltr'><strong>dicit</strong></span> <span class='ocrx_word' id='word_1_265' title='bbox 502 3742 540 3798; x_wconf 88' lang='lat' dir='ltr'><strong>M.</strong></span> <span class='ocrx_word' id='word_1_266' title='bbox 554 3742 691 3812; x_wconf 87' lang='lat' dir='ltr'><strong>Papirium</strong></span> <span class='ocrx_word' id='word_1_267' title='bbox 703 3741 867 3811; x_wconf 83' lang='lat' dir='ltr'><strong>Atratinum,</strong></span> <span class='ocrx_word' id='word_1_268' title='bbox 886 3758 947 3798; x_wconf 89' lang='lat' dir='ltr'><strong>cum</strong></span> <span class='ocrx_word' id='word_1_269' title='bbox 958 3743 1072 3798; x_wconf 87' lang='lat' dir='ltr'><strong>eundem</strong></span> <span class='ocrx_word' id='word_1_270' title='bbox 1084 3742 1173 3796; x_wconf 62' lang='lat' dir='ltr'><strong>mum</strong></span> <span class='ocrx_word' id='word_1_271' title='bbox 1190 3743 1251 3798; x_wconf 84' lang='lat' dir='ltr'><strong>aliis</strong></span> <span class='ocrx_word' id='word_1_272' title='bbox 1268 3743 1335 3798; x_wconf 87' lang='lat' dir='ltr'><strong>locis</strong></span> <span class='ocrx_word' id='word_1_273' title='bbox 1350 3746 1431 3798; x_wconf 88' lang='lat' dir='ltr'><strong>recte</strong></span> 
     </span>
     <span class='ocr_line' id='line_1_35' title="bbox 272 3826 1428 3897; baseline 0 -16"><span class='ocrx_word' id='word_1_274' title='bbox 272 3827 394 3882; x_wconf 90' lang='lat' dir='ltr'><strong>nominet</strong></span> <span class='ocrx_word' id='word_1_275' title='bbox 414 3827 592 3895; x_wconf 82' lang='lat' dir='ltr'><strong>Mugillanum</strong></span> <span class='ocrx_word' id='word_1_276' title='bbox 618 3843 705 3895; x_wconf 87' lang='lat' dir='ltr'><strong>neque</strong></span> <span class='ocrx_word' id='word_1_277' title='bbox 726 3828 846 3883; x_wconf 85' lang='lat' dir='ltr'><strong>Atratini</strong></span> <span class='ocrx_word' id='word_1_278' title='bbox 873 3826 1032 3896; x_wconf 80' lang='lat' dir='ltr'><strong>cognomine</strong></span> <span class='ocrx_word' id='word_1_279' title='bbox 1057 3832 1170 3882; x_wconf 88' lang='lat' dir='ltr'><strong>utantur</strong></span> <span class='ocrx_word' id='word_1_280' title='bbox 1194 3828 1247 3882; x_wconf 89' lang='lat' dir='ltr'><strong>nisi</strong></span> <span class='ocrx_word' id='word_1_281' title='bbox 1264 3827 1428 3897; x_wconf 81' lang='lat' dir='ltr'><strong>Sempronii.</strong></span> 
     </span>
     <span class='ocr_line' id='line_1_36' title="bbox 271 3910 1431 3982; baseline 0.001 -16"><span class='ocrx_word' id='word_1_282' title='bbox 271 3910 361 3966; x_wconf 85' lang='lat' dir='ltr'><strong>Natus</strong></span> <span class='ocrx_word' id='word_1_283' title='bbox 379 3911 486 3965; x_wconf 89' lang='lat' dir='ltr'><strong>uidetur</strong></span> <span class='ocrx_word' id='word_1_284' title='bbox 504 3926 564 3967; x_wconf 87' lang='lat' dir='ltr'><strong>esse</strong></span> <span class='ocrx_word' id='word_1_285' title='bbox 581 3928 657 3968; x_wconf 89' lang='lat' dir='ltr'><strong>error</strong></span> <span class='ocrx_word' id='word_1_286' title='bbox 673 3911 749 3980; x_wconf 87' lang='lat' dir='ltr'><strong>inde,</strong></span> <span class='ocrx_word' id='word_1_287' title='bbox 768 3913 839 3982; x_wconf 88' lang='lat' dir='ltr'><strong>quod</strong></span> <span class='ocrx_word' id='word_1_288' title='bbox 855 3910 928 3967; x_wconf 88' lang='lat' dir='ltr'><strong>intra</strong></span> <span class='ocrx_word' id='word_1_289' title='bbox 944 3927 1047 3981; x_wconf 89' lang='lat' dir='ltr'><strong>paucos</strong></span> <span class='ocrx_word' id='word_1_290' title='bbox 1060 3927 1146 3968; x_wconf 88' lang='lat' dir='ltr'><strong>annos</strong></span> <span class='ocrx_word' id='word_1_291' title='bbox 1159 3912 1312 3981; x_wconf 88' lang='lat' dir='ltr'><strong>complures</strong></span> <span class='ocrx_word' id='word_1_292' title='bbox 1324 3912 1431 3980; x_wconf 85' lang='lat' dir='ltr'><strong>Papirii</strong></span> 
     </span>
     <span class='ocr_line' id='line_1_37' title="bbox 271 3996 1432 4068; baseline 0.003 -18"><span class='ocrx_word' id='word_1_293' title='bbox 271 3996 413 4065; x_wconf 80' lang='lat' dir='ltr'><strong>Mugillani</strong></span> <span class='ocrx_word' id='word_1_294' title='bbox 435 4002 570 4066; x_wconf 87' lang='lat' dir='ltr'><strong>apparent</strong></span> <span class='ocrx_word' id='word_1_295' title='bbox 586 3998 614 4051; x_wconf 90' lang='lat' dir='ltr'><strong>in</strong></span> <span class='ocrx_word' id='word_1_296' title='bbox 631 3998 711 4053; x_wconf 84' lang='lat' dir='ltr'><strong>fastis</strong></span> <span class='ocrx_word' id='word_1_297' title='bbox 730 3998 849 4066; x_wconf 83' lang='lat' dir='ltr'><strong>collegae</strong></span> <span class='ocrx_word' id='word_1_298' title='bbox 861 3998 1081 4068; x_wconf 83' lang='lat' dir='ltr'><strong>Semproniorum</strong></span> <span class='ocrx_word' id='word_1_299' title='bbox 1097 3997 1300 4063; x_wconf 88' lang='lat' dir='ltr'><strong>Atratiucrum,</strong></span> <span class='ocrx_word' id='word_1_300' title='bbox 1321 3996 1432 4054; x_wconf 85' lang='lat' dir='ltr'><strong>scilicet</strong></span> 
     </span>
     <span class='ocr_line' id='line_1_38' title="bbox 269 4084 580 4150; baseline 0.006 -12"><span class='ocrx_word' id='word_1_301' title='bbox 269 4084 348 4139; x_wconf 86' lang='lat' dir='ltr'><strong>annis</strong></span> <span class='ocrx_word' id='word_1_302' title='bbox 365 4086 424 4148; x_wconf 88' lang='grc'>310,</span> <span class='ocrx_word' id='word_1_303' title='bbox 444 4085 502 4150; x_wconf 88' lang='grc'>311,</span> <span class='ocrx_word' id='word_1_304' title='bbox 521 4086 580 4140; x_wconf 87' lang='grc'>333.</span> 
     </span>
    </p>
   </div>
   <div class='ocr_carea' id='block_1_5' title="bbox 0 0 1558 4902">
    <p class='ocr_par' dir='ltr' id='par_1_7' title="bbox 0 0 1558 4902">
     <span class='ocr_line' id='line_1_39' title="bbox 0 0 1558 4902; baseline 0 3"><span class='ocrx_word' id='word_1_305' title='bbox 0 0 1558 4902; x_wconf 95' lang='lat' dir='ltr'><strong> </strong></span> 
     </span>
    </p>
   </div>
  </div>
 </body>
</html>
