<?xml version="1.0" encoding="UTF-8"?>
<!DOCTYPE html PUBLIC "-//W3C//DTD XHTML 1.0 Transitional//EN"
    "http://www.w3.org/TR/xhtml1/DTD/xhtml1-transitional.dtd">
<html xmlns="http://www.w3.org/1999/xhtml" xml:lang="en" lang="en">
 <head>
  <title>
</title>
<meta http-equiv="Content-Type" content="text/html;charset=utf-8" />
  <meta name='ocr-system' content='tesseract 3.04.00' />
  <meta name='ocr-capabilities' content='ocr_page ocr_carea ocr_par ocr_line ocrx_word'/>
</head>
<body>
  <div class='ocr_page' id='page_1' title='image "./defastisconsula00cichgoog_0047.png"; bbox 0 0 3108 4902; ppageno 0'>
   <div class='ocr_carea' id='block_1_1' title="bbox 293 312 1010 375">
    <p class='ocr_par' dir='ltr' id='par_1_1' title="bbox 293 312 1010 375">
     <span class='ocr_line' id='line_1_1' title="bbox 293 312 1010 375; baseline 0 -6"><span class='ocrx_word' id='word_1_1' title='bbox 293 314 355 375; x_wconf 84' lang='lat'>208</span> <span class='ocrx_word' id='word_1_2' title='bbox 713 312 853 370; x_wconf 79' lang='lat' dir='ltr'>commus</span> <span class='ocrx_word' id='word_1_3' title='bbox 871 312 1010 370; x_wconf 81' lang='lat' dir='ltr'>cichorius</span> 
     </span>
    </p>
   </div>
   <div class='ocr_carea' id='block_1_2' title="bbox 435 476 1183 570">
    <p class='ocr_par' dir='ltr' id='par_1_2' title="bbox 435 476 1183 570">
     <span class='ocr_line' id='line_1_2' title="bbox 435 476 1183 570; baseline -0.003 -16"><span class='ocrx_word' id='word_1_4' title='bbox 435 486 592 554; x_wconf 88' lang='lat' dir='ltr'>Idatius</span> <span class='ocrx_word' id='word_1_5' title='bbox 960 476 1183 570; x_wconf 70' lang='lat' dir='ltr'>Dioupsius</span> 
     </span>
    </p>
   </div>
   <div class='ocr_carea' id='block_1_3' title="bbox 344 597 1357 1267">
    <p class='ocr_par' dir='ltr' id='par_1_3' title="bbox 344 597 1357 1267">
     <span class='ocr_line' id='line_1_3' title="bbox 346 597 1357 668; baseline 0 -9"><span class='ocrx_word' id='word_1_6' title='bbox 346 608 394 660; x_wconf 83' lang='lat'>283</span> <span class='ocrx_word' id='word_1_7' title='bbox 430 604 556 659; x_wconf 83' lang='lat' dir='ltr'>Sabino</span> <span class='ocrx_word' id='word_1_8' title='bbox 756 604 822 666; x_wconf 85' lang='grc'>9,43</span> <span class='ocrx_word' id='word_1_9' title='bbox 861 605 945 667; x_wconf 86' lang='grc' dir='ltr'><strong><em>Τῖτος</em></strong></span> <span class='ocrx_word' id='word_1_10' title='bbox 964 597 1087 667; x_wconf 82' lang='grc' dir='ltr'><strong><em>Κόϊντος</em></strong></span> <span class='ocrx_word' id='word_1_11' title='bbox 1105 604 1357 668; x_wconf 82' lang='grc' dir='ltr'><strong><em>Καπιτωλῖνος.</em></strong></span> 
     </span>
     <span class='ocr_line' id='line_1_4' title="bbox 430 681 1308 757; baseline 0.003 -15"><span class='ocrx_word' id='word_1_12' title='bbox 430 693 457 743; x_wconf 90' lang='lat' dir='ltr'>et</span> <span class='ocrx_word' id='word_1_13' title='bbox 474 685 670 756; x_wconf 84' lang='lat' dir='ltr'>Capitolino.</span> <span class='ocrx_word' id='word_1_14' title='bbox 854 681 972 752; x_wconf 78' lang='grc' dir='ltr'><strong><em>Ἄππιος</em></strong></span> <span class='ocrx_word' id='word_1_15' title='bbox 990 682 1128 751; x_wconf 78' lang='grc' dir='ltr'><em>Κλαύδιος</em></span> <span class='ocrx_word' id='word_1_16' title='bbox 1147 690 1308 757; x_wconf 79' lang='grc' dir='ltr'><strong><em>Σαβῖνος.</em></strong></span> 
     </span>
     <span class='ocr_line' id='line_1_5' title="bbox 344 766 1134 839; baseline -0.01 -10"><span class='ocrx_word' id='word_1_17' title='bbox 344 779 395 829; x_wconf 78' lang='lat'>284</span> <span class='ocrx_word' id='word_1_18' title='bbox 429 771 541 827; x_wconf 79' lang='lat' dir='ltr'>Aemilio</span> <span class='ocrx_word' id='word_1_19' title='bbox 756 775 780 836; x_wconf 89' lang='grc'>9,</span> <span class='ocrx_word' id='word_1_20' title='bbox 791 776 821 824; x_wconf 89' lang='grc'>51</span> <span class='ocrx_word' id='word_1_21' title='bbox 858 766 979 837; x_wconf 77' lang='grc' dir='ltr'><strong><em>Λεύκιος</em></strong></span> <span class='ocrx_word' id='word_1_22' title='bbox 996 768 1134 839; x_wconf 76' lang='grc' dir='ltr'>Οὐαλέριος.</span> 
     </span>
     <span class='ocr_line' id='line_1_6' title="bbox 428 855 1120 928; baseline -0.007 -16"><span class='ocrx_word' id='word_1_23' title='bbox 428 862 457 912; x_wconf 84' lang='lat' dir='ltr'>et</span> <span class='ocrx_word' id='word_1_24' title='bbox 480 855 599 912; x_wconf 78' lang='lat' dir='ltr'>Valerio.</span> <span class='ocrx_word' id='word_1_25' title='bbox 862 855 991 928; x_wconf 74' lang='grc' dir='ltr'><strong><em>Τιβέριος</em></strong></span> <span class='ocrx_word' id='word_1_26' title='bbox 1007 855 1120 925; x_wconf 71' lang='grc' dir='ltr'>Αἰμίλιος</span> 
     </span>
     <span class='ocr_line' id='line_1_7' title="bbox 345 929 1350 1012; baseline -0.003 -13"><span class='ocrx_word' id='word_1_27' title='bbox 345 948 393 999; x_wconf 79' lang='lat'>285</span> <span class='ocrx_word' id='word_1_28' title='bbox 429 940 630 998; x_wconf 72' lang='lat' dir='ltr'>coelimontano</span> <span class='ocrx_word' id='word_1_29' title='bbox 756 943 780 1004; x_wconf 89' lang='grc'>9,</span> <span class='ocrx_word' id='word_1_30' title='bbox 790 942 823 991; x_wconf 84' lang='grc'>56</span> <span class='ocrx_word' id='word_1_31' title='bbox 859 929 951 1006; x_wconf 78' lang='grc' dir='ltr'><strong><em>Αὖλος</em></strong></span> <span class='ocrx_word' id='word_1_32' title='bbox 971 934 1136 1012; x_wconf 78' lang='grc' dir='ltr'><strong><em>Οὐεργίνιος</em></strong></span> <span class='ocrx_word' id='word_1_33' title='bbox 1157 936 1350 1008; x_wconf 84' lang='grc' dir='ltr'><strong><em>Νομεντανός.</em></strong></span> 
     </span>
     <span class='ocr_line' id='line_1_8' title="bbox 428 1025 1255 1096; baseline -0.001 -15"><span class='ocrx_word' id='word_1_34' title='bbox 428 1033 456 1082; x_wconf 89' lang='lat' dir='ltr'>et</span> <span class='ocrx_word' id='word_1_35' title='bbox 472 1025 576 1080; x_wconf 87' lang='lat' dir='ltr'>Prisco.</span> <span class='ocrx_word' id='word_1_36' title='bbox 860 1029 944 1090; x_wconf 82' lang='grc' dir='ltr'><strong><em>Τῖτος</em></strong></span> <span class='ocrx_word' id='word_1_37' title='bbox 962 1027 1103 1094; x_wconf 81' lang='grc' dir='ltr'><strong><em>Νομίκιος</em></strong></span> <span class='ocrx_word' id='word_1_38' title='bbox 1120 1025 1255 1096; x_wconf 75' lang='grc' dir='ltr'><strong><em>Πρίσκος.</em></strong></span> 
     </span>
     <span class='ocr_line' id='line_1_9' title="bbox 344 1104 1247 1180; baseline -0.002 -12"><span class='ocrx_word' id='word_1_39' title='bbox 344 1107 635 1180; x_wconf 77' lang='lat' dir='ltr'>286¹)0apitolino</span> <span class='ocrx_word' id='word_1_40' title='bbox 757 1112 823 1174; x_wconf 77' lang='lat'><strong>9,57</strong></span> <span class='ocrx_word' id='word_1_41' title='bbox 859 1107 993 1175; x_wconf 78' lang='grc' dir='ltr'><strong><em>Κοΐντιος</em></strong></span> <span class='ocrx_word' id='word_1_42' title='bbox 1011 1104 1247 1175; x_wconf 79' lang='grc' dir='ltr'><strong><em>Καπετώλιος.</em></strong></span> 
     </span>
     <span class='ocr_line' id='line_1_10' title="bbox 429 1190 1356 1267; baseline 0 -16"><span class='ocrx_word' id='word_1_43' title='bbox 429 1201 457 1251; x_wconf 87' lang='lat' dir='ltr'>et</span> <span class='ocrx_word' id='word_1_44' title='bbox 474 1195 603 1250; x_wconf 87' lang='lat' dir='ltr'>Prisco.</span> <span class='ocrx_word' id='word_1_45' title='bbox 858 1190 982 1260; x_wconf 83' lang='grc' dir='ltr'><strong><em>Κόϊντος</em></strong></span> <span class='ocrx_word' id='word_1_46' title='bbox 1001 1197 1167 1267; x_wconf 59' lang='grc' dir='ltr'><strong><em>Σερουίλιος</em></strong></span> <span class='ocrx_word' id='word_1_47' title='bbox 1184 1196 1356 1267; x_wconf 73' lang='grc' dir='ltr'><strong><em>Πρίσκος.</em></strong></span> 
     </span>
    </p>
   </div>
   <div class='ocr_carea' id='block_1_4' title="bbox 290 1316 1540 2709">
    <p class='ocr_par' dir='ltr' id='par_1_4' title="bbox 290 1316 1435 2219">
     <span class='ocr_line' id='line_1_11' title="bbox 378 1316 1435 1401; baseline -0.002 -14"><span class='ocrx_word' id='word_1_48' title='bbox 378 1320 467 1400; x_wconf 83' lang='lat' dir='ltr'>Quae</span> <span class='ocrx_word' id='word_1_49' title='bbox 491 1338 529 1385; x_wconf 89' lang='lat' dir='ltr'>eo</span> <span class='ocrx_word' id='word_1_50' title='bbox 552 1316 760 1385; x_wconf 88' lang='lat' dir='ltr'>confidentius</span> <span class='ocrx_word' id='word_1_51' title='bbox 783 1335 825 1382; x_wconf 83' lang='lat' dir='ltr'>ex</span> <span class='ocrx_word' id='word_1_52' title='bbox 847 1316 960 1383; x_wconf 86' lang='lat' dir='ltr'>eodem</span> <span class='ocrx_word' id='word_1_53' title='bbox 982 1318 1069 1384; x_wconf 87' lang='lat' dir='ltr'>fonte</span> <span class='ocrx_word' id='word_1_54' title='bbox 1090 1317 1132 1383; x_wconf 89' lang='lat' dir='ltr'>ab</span> <span class='ocrx_word' id='word_1_55' title='bbox 1150 1323 1285 1401; x_wconf 88' lang='lat' dir='ltr'>utroque</span> <span class='ocrx_word' id='word_1_56' title='bbox 1306 1324 1435 1386; x_wconf 88' lang='lat' dir='ltr'>auctore</span> 
     </span>
     <span class='ocr_line' id='line_1_12' title="bbox 291 1418 1434 1510; baseline -0.005 -19"><span class='ocrx_word' id='word_1_57' title='bbox 291 1425 394 1510; x_wconf 87' lang='lat' dir='ltr'>petita</span> <span class='ocrx_word' id='word_1_58' title='bbox 415 1440 486 1490; x_wconf 90' lang='lat' dir='ltr'>esse</span> <span class='ocrx_word' id='word_1_59' title='bbox 508 1420 597 1500; x_wconf 88' lang='lat' dir='ltr'>dico,</span> <span class='ocrx_word' id='word_1_60' title='bbox 627 1419 704 1501; x_wconf 91' lang='lat' dir='ltr'>quia</span> <span class='ocrx_word' id='word_1_61' title='bbox 730 1438 794 1483; x_wconf 90' lang='lat' dir='ltr'>uon</span> <span class='ocrx_word' id='word_1_62' title='bbox 824 1418 927 1484; x_wconf 91' lang='lat' dir='ltr'>solum</span> <span class='ocrx_word' id='word_1_63' title='bbox 949 1418 1072 1485; x_wconf 89' lang='lat' dir='ltr'>eisdem</span> <span class='ocrx_word' id='word_1_64' title='bbox 1093 1438 1195 1502; x_wconf 89' lang='lat' dir='ltr'>usque</span> <span class='ocrx_word' id='word_1_65' title='bbox 1219 1420 1299 1486; x_wconf 88' lang='lat' dir='ltr'>locis</span> <span class='ocrx_word' id='word_1_66' title='bbox 1321 1419 1434 1486; x_wconf 86' lang='lat' dir='ltr'>eadem</span> 
     </span>
     <span class='ocr_line' id='line_1_13' title="bbox 291 1519 1433 1611; baseline -0.004 -18"><span class='ocrx_word' id='word_1_67' title='bbox 291 1531 448 1611; x_wconf 83' lang='lat' dir='ltr'>apparent</span> <span class='ocrx_word' id='word_1_68' title='bbox 470 1522 660 1606; x_wconf 82' lang='lat' dir='ltr'>cognomina</span> <span class='ocrx_word' id='word_1_69' title='bbox 680 1519 768 1603; x_wconf 87' lang='lat' dir='ltr'>apud</span> <span class='ocrx_word' id='word_1_70' title='bbox 783 1526 959 1604; x_wconf 88' lang='lat' dir='ltr'>utrumque,</span> <span class='ocrx_word' id='word_1_71' title='bbox 983 1520 1041 1588; x_wconf 88' lang='lat' dir='ltr'>sed</span> <span class='ocrx_word' id='word_1_72' title='bbox 1063 1520 1185 1588; x_wconf 87' lang='lat' dir='ltr'>eisdem</span> <span class='ocrx_word' id='word_1_73' title='bbox 1207 1541 1333 1605; x_wconf 89' lang='lat' dir='ltr'>quoque</span> <span class='ocrx_word' id='word_1_74' title='bbox 1353 1522 1433 1589; x_wconf 90' lang='lat' dir='ltr'>locis</span> 
     </span>
     <span class='ocr_line' id='line_1_14' title="bbox 292 1622 1434 1708; baseline -0.005 -13"><span class='ocrx_word' id='word_1_75' title='bbox 292 1628 408 1695; x_wconf 87' lang='lat' dir='ltr'>desunt</span> <span class='ocrx_word' id='word_1_76' title='bbox 430 1628 485 1704; x_wconf 89' lang='lat' dir='ltr'>(sc.</span> <span class='ocrx_word' id='word_1_77' title='bbox 500 1624 592 1690; x_wconf 90' lang='lat' dir='ltr'>annis</span> <span class='ocrx_word' id='word_1_78' title='bbox 611 1625 673 1687; x_wconf 76' lang='lat'>266</span> <span class='ocrx_word' id='word_1_79' title='bbox 688 1623 748 1705; x_wconf 87' lang='lat' dir='ltr'>bis,</span> <span class='ocrx_word' id='word_1_80' title='bbox 771 1624 843 1707; x_wconf 80' lang='lat'><strong>279,</strong></span> <span class='ocrx_word' id='word_1_81' title='bbox 866 1625 928 1687; x_wconf 79' lang='lat'>280</span> <span class='ocrx_word' id='word_1_82' title='bbox 943 1622 1002 1708; x_wconf 86' lang='lat' dir='ltr'>bis,</span> <span class='ocrx_word' id='word_1_83' title='bbox 1025 1625 1088 1688; x_wconf 81' lang='lat'>284</span> <span class='ocrx_word' id='word_1_84' title='bbox 1102 1623 1173 1700; x_wconf 85' lang='lat' dir='ltr'>bis).</span> <span class='ocrx_word' id='word_1_85' title='bbox 1209 1624 1317 1707; x_wconf 84' lang='lat' dir='ltr'><strong>Atque</strong></span> <span class='ocrx_word' id='word_1_86' title='bbox 1339 1624 1434 1691; x_wconf 87' lang='lat' dir='ltr'>stabi-</span> 
     </span>
     <span class='ocr_line' id='line_1_15' title="bbox 292 1723 1435 1809; baseline -0.004 -14"><span class='ocrx_word' id='word_1_87' title='bbox 292 1730 367 1795; x_wconf 90' lang='lat' dir='ltr'>litur</span> <span class='ocrx_word' id='word_1_88' title='bbox 389 1727 546 1795; x_wconf 88' lang='lat' dir='ltr'>sententia</span> <span class='ocrx_word' id='word_1_89' title='bbox 566 1743 639 1790; x_wconf 88' lang='lat' dir='ltr'>mea</span> <span class='ocrx_word' id='word_1_90' title='bbox 661 1744 700 1790; x_wconf 90' lang='lat' dir='ltr'>eo</span> <span class='ocrx_word' id='word_1_91' title='bbox 721 1724 936 1807; x_wconf 89' lang='lat' dir='ltr'>potissimum,</span> <span class='ocrx_word' id='word_1_92' title='bbox 960 1724 1046 1808; x_wconf 86' lang='lat' dir='ltr'>quod</span> <span class='ocrx_word' id='word_1_93' title='bbox 1067 1723 1199 1791; x_wconf 88' lang='lat' dir='ltr'>Nitzsch</span> <span class='ocrx_word' id='word_1_94' title='bbox 1220 1724 1288 1792; x_wconf 89' lang='lat' dir='ltr'>fere</span> <span class='ocrx_word' id='word_1_95' title='bbox 1311 1725 1435 1809; x_wconf 86' lang='lat' dir='ltr'>eadem,</span> 
     </span>
     <span class='ocr_line' id='line_1_16' title="bbox 292 1825 1434 1913; baseline -0.003 -17"><span class='ocrx_word' id='word_1_96' title='bbox 292 1830 407 1913; x_wconf 86' lang='lat' dir='ltr'>quibus</span> <span class='ocrx_word' id='word_1_97' title='bbox 430 1827 608 1895; x_wconf 88' lang='lat' dir='ltr'>consentire</span> <span class='ocrx_word' id='word_1_98' title='bbox 630 1826 712 1892; x_wconf 89' lang='lat' dir='ltr'>iuter</span> <span class='ocrx_word' id='word_1_99' title='bbox 734 1844 769 1892; x_wconf 89' lang='lat' dir='ltr'>se</span> <span class='ocrx_word' id='word_1_100' title='bbox 783 1825 975 1909; x_wconf 88' lang='lat' dir='ltr'>Dionysium</span> <span class='ocrx_word' id='word_1_101' title='bbox 997 1831 1030 1892; x_wconf 88' lang='lat' dir='ltr'>et</span> <span class='ocrx_word' id='word_1_102' title='bbox 1048 1826 1187 1893; x_wconf 88' lang='lat' dir='ltr'>Idatium</span> <span class='ocrx_word' id='word_1_103' title='bbox 1208 1825 1434 1911; x_wconf 65' lang='lat' dir='ltr'>demonstran,</span> 
     </span>
     <span class='ocr_line' id='line_1_17' title="bbox 290 1925 1433 2016; baseline -0.003 -18"><span class='ocrx_word' id='word_1_104' title='bbox 290 1931 379 2016; x_wconf 87' lang='lat' dir='ltr'>apud</span> <span class='ocrx_word' id='word_1_105' title='bbox 399 1930 589 2013; x_wconf 88' lang='lat' dir='ltr'>Dionysium</span> <span class='ocrx_word' id='word_1_106' title='bbox 617 1926 733 1994; x_wconf 88' lang='lat' dir='ltr'>hausta</span> <span class='ocrx_word' id='word_1_107' title='bbox 759 1925 839 1993; x_wconf 88' lang='lat' dir='ltr'>dicit</span> <span class='ocrx_word' id='word_1_108' title='bbox 865 1947 906 1994; x_wconf 85' lang='lat' dir='ltr'>ex</span> <span class='ocrx_word' id='word_1_109' title='bbox 929 1927 1037 1994; x_wconf 88' lang='lat' dir='ltr'>Macro</span> <span class='ocrx_word' id='word_1_110' title='bbox 1068 1926 1172 2005; x_wconf 74' lang='lat' dir='ltr'>(Rom.</span> <span class='ocrx_word' id='word_1_111' title='bbox 1187 1929 1302 1994; x_wconf 84' lang='lat' dir='ltr'>Anool.</span> <span class='ocrx_word' id='word_1_112' title='bbox 1324 1951 1356 2014; x_wconf 89' lang='lat' dir='ltr'>p.</span> <span class='ocrx_word' id='word_1_113' title='bbox 1372 1932 1433 2015; x_wconf 83' lang='grc'>66),</span> 
     </span>
     <span class='ocr_line' id='line_1_18' title="bbox 291 2030 1434 2116; baseline 0 -18"><span class='ocrx_word' id='word_1_114' title='bbox 291 2052 407 2116; x_wconf 89' lang='lat' dir='ltr'>nempe</span> <span class='ocrx_word' id='word_1_115' title='bbox 436 2032 531 2097; x_wconf 92' lang='lat' dir='ltr'>Dion.</span> <span class='ocrx_word' id='word_1_116' title='bbox 555 2034 584 2113; x_wconf 80' lang='lat'>5,</span> <span class='ocrx_word' id='word_1_117' title='bbox 607 2032 722 2111; x_wconf 82' lang='grc'>49-6,</span> <span class='ocrx_word' id='word_1_118' title='bbox 745 2031 786 2092; x_wconf 81' lang='lat'>24</span> <span class='ocrx_word' id='word_1_119' title='bbox 809 2034 842 2094; x_wconf 90' lang='lat' dir='ltr'>et</span> <span class='ocrx_word' id='word_1_120' title='bbox 862 2030 893 2112; x_wconf 88' lang='grc'>6,</span> <span class='ocrx_word' id='word_1_121' title='bbox 915 2031 1041 2093; x_wconf 80' lang='grc'><strong>25-34</strong></span> <span class='ocrx_word' id='word_1_122' title='bbox 1063 2049 1090 2096; x_wconf 85' lang='grc' dir='ltr'>ο.</span> <span class='ocrx_word' id='word_1_123' title='bbox 1112 2050 1138 2096; x_wconf 87' lang='grc' dir='ltr'>ο.</span> <span class='ocrx_word' id='word_1_124' title='bbox 1185 2030 1321 2098; x_wconf 88' lang='lat' dir='ltr'>Accedit</span> <span class='ocrx_word' id='word_1_125' title='bbox 1350 2033 1434 2115; x_wconf 88' lang='lat' dir='ltr'>quod</span> 
     </span>
     <span class='ocr_line' id='line_1_19' title="bbox 292 2129 989 2219; baseline -0.007 -19"><span class='ocrx_word' id='word_1_126' title='bbox 292 2135 361 2219; x_wconf 89' lang='lat' dir='ltr'>ipse</span> <span class='ocrx_word' id='word_1_127' title='bbox 383 2134 558 2215; x_wconf 84' lang='lat' dir='ltr'>Dionysius</span> <span class='ocrx_word' id='word_1_128' title='bbox 580 2130 738 2197; x_wconf 87' lang='lat' dir='ltr'>Licinium</span> <span class='ocrx_word' id='word_1_129' title='bbox 760 2129 871 2196; x_wconf 88' lang='lat' dir='ltr'>laudat</span> <span class='ocrx_word' id='word_1_130' title='bbox 893 2134 922 2215; x_wconf 90' lang='grc'>5,</span> <span class='ocrx_word' id='word_1_131' title='bbox 939 2133 989 2195; x_wconf 82' lang='grc'>59.</span> 
     </span>
    </p>

    <p class='ocr_par' dir='ltr' id='par_1_5' title="bbox 290 2231 1540 2709">
     <span class='ocr_line' id='line_1_20' title="bbox 376 2231 1540 2323; baseline 0.001 -22"><span class='ocrx_word' id='word_1_132' title='bbox 376 2236 427 2301; x_wconf 82' lang='lat' dir='ltr'>Ex</span> <span class='ocrx_word' id='word_1_133' title='bbox 442 2234 551 2300; x_wconf 85' lang='lat' dir='ltr'>Macro</span> <span class='ocrx_word' id='word_1_134' title='bbox 572 2232 670 2315; x_wconf 82' lang='lat' dir='ltr'>igitur</span> <span class='ocrx_word' id='word_1_135' title='bbox 692 2231 799 2297; x_wconf 89' lang='lat' dir='ltr'>iudico</span> <span class='ocrx_word' id='word_1_136' title='bbox 814 2233 991 2316; x_wconf 84' lang='lat' dir='ltr'>exscriptos</span> <span class='ocrx_word' id='word_1_137' title='bbox 1012 2251 1084 2299; x_wconf 89' lang='lat' dir='ltr'>esse</span> <span class='ocrx_word' id='word_1_138' title='bbox 1104 2232 1204 2300; x_wconf 87' lang='lat' dir='ltr'>iustos</span> <span class='ocrx_word' id='word_1_139' title='bbox 1217 2232 1381 2302; x_wconf 88' lang='lat' dir='ltr'>Idatianos</span> <span class='ocrx_word' id='word_1_140' title='bbox 1403 2242 1434 2302; x_wconf 89' lang='lat' dir='ltr'>et</span> <span class='ocrx_word' id='word_1_141' title='bbox 1539 2298 1540 2323; x_wconf 31' lang='lat'><em>2</em></span> 
     </span>
     <span class='ocr_line' id='line_1_21' title="bbox 292 2332 1540 2422; baseline -0.002 -18"><span class='ocrx_word' id='word_1_142' title='bbox 292 2358 388 2422; x_wconf 92' lang='lat' dir='ltr'>quam</span> <span class='ocrx_word' id='word_1_143' title='bbox 403 2338 543 2403; x_wconf 85' lang='lat' dir='ltr'>maxime</span> <span class='ocrx_word' id='word_1_144' title='bbox 559 2334 688 2401; x_wconf 85' lang='lat' dir='ltr'>differre</span> <span class='ocrx_word' id='word_1_145' title='bbox 703 2354 723 2399; x_wconf 91' lang='lat' dir='ltr'>a</span> <span class='ocrx_word' id='word_1_146' title='bbox 739 2333 938 2417; x_wconf 80' lang='lat' dir='ltr'>Capitolinis.</span> <span class='ocrx_word' id='word_1_147' title='bbox 972 2332 1173 2418; x_wconf 83' lang='lat' dir='ltr'>Quamquam</span> <span class='ocrx_word' id='word_1_148' title='bbox 1195 2355 1259 2401; x_wconf 91' lang='lat' dir='ltr'>nou</span> <span class='ocrx_word' id='word_1_149' title='bbox 1280 2356 1332 2402; x_wconf 93' lang='lat' dir='ltr'>me</span> <span class='ocrx_word' id='word_1_150' title='bbox 1354 2337 1435 2421; x_wconf 83' lang='lat' dir='ltr'>fugit</span> <span class='ocrx_word' id='word_1_151' title='bbox 1539 2352 1540 2377; x_wconf 32' lang='lat' dir='ltr'>t</span> 
     </span>
     <span class='ocr_line' id='line_1_22' title="bbox 291 2435 1435 2522; baseline 0.001 -18"><span class='ocrx_word' id='word_1_152' title='bbox 291 2438 489 2507; x_wconf 75' lang='lat' dir='ltr'>intercedere</span> <span class='ocrx_word' id='word_1_153' title='bbox 516 2437 738 2520; x_wconf 83' lang='lat' dir='ltr'>cognationem</span> <span class='ocrx_word' id='word_1_154' title='bbox 767 2435 927 2519; x_wconf 87' lang='lat' dir='ltr'>quandam</span> <span class='ocrx_word' id='word_1_155' title='bbox 955 2436 1037 2503; x_wconf 88' lang='lat' dir='ltr'>inter</span> <span class='ocrx_word' id='word_1_156' title='bbox 1066 2437 1284 2503; x_wconf 77' lang='lat' dir='ltr'>recensionem</span> <span class='ocrx_word' id='word_1_157' title='bbox 1307 2437 1435 2522; x_wconf 79' lang='lat' dir='ltr'>Capito·</span> 
     </span>
     <span class='ocr_line' id='line_1_23' title="bbox 290 2537 1437 2622; baseline -0.003 -15"><span class='ocrx_word' id='word_1_158' title='bbox 290 2542 390 2607; x_wconf 82' lang='lat' dir='ltr'>linum</span> <span class='ocrx_word' id='word_1_159' title='bbox 413 2545 445 2606; x_wconf 88' lang='lat' dir='ltr'>et</span> <span class='ocrx_word' id='word_1_160' title='bbox 465 2538 654 2621; x_wconf 89' lang='lat' dir='ltr'>Idatianam‚</span> <span class='ocrx_word' id='word_1_161' title='bbox 677 2542 785 2605; x_wconf 87' lang='lat' dir='ltr'>tamen</span> <span class='ocrx_word' id='word_1_162' title='bbox 798 2537 892 2603; x_wconf 89' lang='lat' dir='ltr'>aliter</span> <span class='ocrx_word' id='word_1_163' title='bbox 914 2556 986 2604; x_wconf 90' lang='lat' dir='ltr'>eam</span> <span class='ocrx_word' id='word_1_164' title='bbox 1009 2556 1079 2605; x_wconf 88' lang='lat' dir='ltr'>esse</span> <span class='ocrx_word' id='word_1_165' title='bbox 1101 2537 1335 2622; x_wconf 86' lang='lat' dir='ltr'>expediendam</span> <span class='ocrx_word' id='word_1_166' title='bbox 1356 2559 1437 2606; x_wconf 81' lang='lat' dir='ltr'>mox</span> 
     </span>
     <span class='ocr_line' id='line_1_24' title="bbox 290 2642 480 2709; baseline -0.016 0"><span class='ocrx_word' id='word_1_167' title='bbox 290 2642 480 2709; x_wconf 88' lang='lat' dir='ltr'>uidebimus.</span> 
     </span>
    </p>
   </div>
   <div class='ocr_carea' id='block_1_5' title="bbox 761 2758 964 2767">
    <p class='ocr_par' dir='ltr' id='par_1_6' title="bbox 761 2758 964 2767">
     <span class='ocr_line' id='line_1_25' title="bbox 761 2758 964 2767; baseline 0.015 -3"><span class='ocrx_word' id='word_1_168' title='bbox 761 2758 964 2767; x_wconf 78' lang='lat'><em>———-——..-..</em></span> 
     </span>
    </p>
   </div>
   <div class='ocr_carea' id='block_1_6' title="bbox 621 2867 1127 3155">
    <p class='ocr_par' dir='ltr' id='par_1_7' title="bbox 621 2867 1127 3155">
     <span class='ocr_line' id='line_1_26' title="bbox 679 2867 1127 3005; baseline -0.004 -13"><span class='ocrx_word' id='word_1_169' title='bbox 679 2923 822 2992; x_wconf 71' lang='lat' dir='ltr'><strong>CAPUT</strong></span> <span class='ocrx_word' id='word_1_170' title='bbox 844 2924 1039 3005; x_wconf 83' lang='lat' dir='ltr'>TERTIUM</span> <span class='ocrx_word' id='word_1_171' title='bbox 1125 2867 1127 2871; x_wconf 13' lang='grc' dir='ltr'><strong><em>ι</em></strong></span> 
     </span>
     <span class='ocr_line' id='line_1_27' title="bbox 621 3056 1102 3155; baseline 0 -21"><span class='ocrx_word' id='word_1_172' title='bbox 621 3056 690 3135; x_wconf 84' lang='lat' dir='ltr'>De</span> <span class='ocrx_word' id='word_1_173' title='bbox 718 3059 864 3155; x_wconf 78' lang='lat' dir='ltr'>suetis</span> <span class='ocrx_word' id='word_1_174' title='bbox 896 3056 1102 3137; x_wconf 75' lang='lat' dir='ltr'>Diodori</span> 
     </span>
    </p>
   </div>
   <div class='ocr_carea' id='block_1_7' title="bbox 290 3228 1536 3622">
    <p class='ocr_par' dir='ltr' id='par_1_8' title="bbox 290 3228 1536 3622">
     <span class='ocr_line' id='line_1_28' title="bbox 376 3228 1438 3314; baseline -0.001 -16"><span class='ocrx_word' id='word_1_175' title='bbox 376 3231 477 3298; x_wconf 88' lang='lat' dir='ltr'>Plane</span> <span class='ocrx_word' id='word_1_176' title='bbox 492 3229 621 3297; x_wconf 88' lang='lat' dir='ltr'>diuersa</span> <span class='ocrx_word' id='word_1_177' title='bbox 634 3229 676 3295; x_wconf 89' lang='lat' dir='ltr'>ab</span> <span class='ocrx_word' id='word_1_178' title='bbox 691 3229 748 3294; x_wconf 89' lang='lat' dir='ltr'>illa</span> <span class='ocrx_word' id='word_1_179' title='bbox 767 3228 921 3296; x_wconf 89' lang='lat' dir='ltr'>fastorum</span> <span class='ocrx_word' id='word_1_180' title='bbox 935 3229 1129 3314; x_wconf 87' lang='lat' dir='ltr'>recensione,</span> <span class='ocrx_word' id='word_1_181' title='bbox 1152 3249 1248 3313; x_wconf 91' lang='lat' dir='ltr'>quam</span> <span class='ocrx_word' id='word_1_182' title='bbox 1263 3249 1305 3296; x_wconf 84' lang='lat' dir='ltr'>cx</span> <span class='ocrx_word' id='word_1_183' title='bbox 1320 3229 1438 3314; x_wconf 79' lang='lat' dir='ltr'>idatio,</span> 
     </span>
     <span class='ocr_line' id='line_1_29' title="bbox 290 3331 1536 3419; baseline -0.002 -16"><span class='ocrx_word' id='word_1_184' title='bbox 290 3336 400 3419; x_wconf 86' lang='lat' dir='ltr'>Liuio,</span> <span class='ocrx_word' id='word_1_185' title='bbox 422 3333 579 3416; x_wconf 86' lang='lat' dir='ltr'>Dionysio</span> <span class='ocrx_word' id='word_1_186' title='bbox 602 3331 824 3416; x_wconf 86' lang='lat' dir='ltr'>cognouimus,</span> <span class='ocrx_word' id='word_1_187' title='bbox 848 3350 888 3397; x_wconf 89' lang='lat' dir='ltr'>ea</span> <span class='ocrx_word' id='word_1_188' title='bbox 916 3336 979 3414; x_wconf 91' lang='lat' dir='ltr'>est,</span> <span class='ocrx_word' id='word_1_189' title='bbox 1003 3352 1098 3416; x_wconf 90' lang='lat' dir='ltr'>quam</span> <span class='ocrx_word' id='word_1_190' title='bbox 1121 3332 1252 3399; x_wconf 85' lang='lat' dir='ltr'>exhibet</span> <span class='ocrx_word' id='word_1_191' title='bbox 1272 3332 1439 3400; x_wconf 86' lang='lat' dir='ltr'>Diodorus</span> <span class='ocrx_word' id='word_1_192' title='bbox 1535 3372 1536 3377; x_wconf 62' lang='lat'><em>=</em></span> 
     </span>
     <span class='ocr_line' id='line_1_30' title="bbox 291 3433 1440 3518; baseline 0.001 -16"><span class='ocrx_word' id='word_1_193' title='bbox 291 3439 324 3503; x_wconf 91' lang='lat' dir='ltr'>in</span> <span class='ocrx_word' id='word_1_194' title='bbox 351 3436 442 3502; x_wconf 90' lang='lat' dir='ltr'>libris</span> <span class='ocrx_word' id='word_1_195' title='bbox 470 3434 520 3501; x_wconf 88' lang='lat' dir='ltr'>XI</span> <span class='ocrx_word' id='word_1_196' title='bbox 548 3433 591 3501; x_wconf 90' lang='lat' dir='ltr'>ad</span> <span class='ocrx_word' id='word_1_197' title='bbox 616 3433 689 3499; x_wconf 89' lang='lat' dir='ltr'>XX.</span> <span class='ocrx_word' id='word_1_198' title='bbox 740 3434 854 3517; x_wconf 88' lang='lat' dir='ltr'>Neque</span> <span class='ocrx_word' id='word_1_199' title='bbox 881 3438 989 3500; x_wconf 89' lang='lat' dir='ltr'>tamen</span> <span class='ocrx_word' id='word_1_200' title='bbox 1016 3453 1080 3501; x_wconf 92' lang='lat' dir='ltr'>una</span> <span class='ocrx_word' id='word_1_201' title='bbox 1107 3435 1284 3518; x_wconf 86' lang='lat' dir='ltr'>eademque</span> <span class='ocrx_word' id='word_1_202' title='bbox 1311 3436 1440 3503; x_wconf 89' lang='lat' dir='ltr'>ratione</span> 
     </span>
     <span class='ocr_line' id='line_1_31' title="bbox 290 3534 1441 3622; baseline -0.003 -17"><span class='ocrx_word' id='word_1_203' title='bbox 290 3538 452 3605; x_wconf 87' lang='lat' dir='ltr'>Diodorus</span> <span class='ocrx_word' id='word_1_204' title='bbox 473 3556 531 3622; x_wconf 87' lang='lat' dir='ltr'>per</span> <span class='ocrx_word' id='word_1_205' title='bbox 552 3541 652 3603; x_wconf 87' lang='lat' dir='ltr'>totum</span> <span class='ocrx_word' id='word_1_206' title='bbox 674 3534 736 3602; x_wconf 91' lang='lat' dir='ltr'>hoc</span> <span class='ocrx_word' id='word_1_207' title='bbox 756 3536 894 3619; x_wconf 89' lang='lat' dir='ltr'>spatium</span> <span class='ocrx_word' id='word_1_208' title='bbox 914 3537 1012 3602; x_wconf 88' lang='lat' dir='ltr'>utitur</span> <span class='ocrx_word' id='word_1_209' title='bbox 1033 3538 1067 3603; x_wconf 91' lang='lat' dir='ltr'>iu</span> <span class='ocrx_word' id='word_1_210' title='bbox 1085 3536 1285 3621; x_wconf 84' lang='lat' dir='ltr'>proferendis</span> <span class='ocrx_word' id='word_1_211' title='bbox 1299 3538 1441 3604; x_wconf 90' lang='lat' dir='ltr'>nomini-</span> 
     </span>
    </p>
   </div>
   <div class='ocr_carea' id='block_1_8' title="bbox 296 3659 474 3668">
    <p class='ocr_par' dir='ltr' id='par_1_9' title="bbox 296 3659 474 3668">
     <span class='ocr_line' id='line_1_32' title="bbox 296 3659 474 3668; baseline -0.011 0"><span class='ocrx_word' id='word_1_212' title='bbox 296 3659 474 3668; x_wconf 64' lang='lat'><strong>.-..—---.</strong></span> 
     </span>
    </p>
   </div>
   <div class='ocr_carea' id='block_1_9' title="bbox 377 3718 1535 3789">
    <p class='ocr_par' dir='ltr' id='par_1_10' title="bbox 377 3718 1535 3789">
     <span class='ocr_line' id='line_1_33' title="bbox 377 3718 1535 3789; baseline 0.001 -14"><span class='ocrx_word' id='word_1_213' title='bbox 377 3726 401 3789; x_wconf 83' lang='lat'>1)</span> <span class='ocrx_word' id='word_1_214' title='bbox 418 3721 498 3776; x_wconf 83' lang='lat' dir='ltr'>Anno</span> <span class='ocrx_word' id='word_1_215' title='bbox 517 3723 566 3775; x_wconf 78' lang='lat'>272</span> <span class='ocrx_word' id='word_1_216' title='bbox 584 3734 690 3789; x_wconf 87' lang='lat' dir='ltr'>quoque</span> <span class='ocrx_word' id='word_1_217' title='bbox 707 3718 853 3789; x_wconf 81' lang='lat' dir='ltr'>Dionysius</span> <span class='ocrx_word' id='word_1_218' title='bbox 871 3722 900 3774; x_wconf 89' lang='lat' dir='ltr'>et</span> <span class='ocrx_word' id='word_1_219' title='bbox 915 3719 1018 3776; x_wconf 85' lang='lat' dir='ltr'>Idatius</span> <span class='ocrx_word' id='word_1_220' title='bbox 1035 3720 1106 3775; x_wconf 85' lang='lat' dir='ltr'>inter</span> <span class='ocrx_word' id='word_1_221' title='bbox 1123 3735 1153 3777; x_wconf 92' lang='lat' dir='ltr'>se</span> <span class='ocrx_word' id='word_1_222' title='bbox 1171 3720 1355 3788; x_wconf 85' lang='lat' dir='ltr'>consentiunt,</span> <span class='ocrx_word' id='word_1_223' title='bbox 1375 3737 1445 3776; x_wconf 88' lang='lat' dir='ltr'>oum</span> <span class='ocrx_word' id='word_1_224' title='bbox 1534 3722 1535 3745; x_wconf 66' lang='lat'>¹</span> 
     </span>
    </p>
   </div>
   <div class='ocr_carea' id='block_1_10' title="bbox 290 3804 1445 3876">
    <p class='ocr_par' dir='ltr' id='par_1_11' title="bbox 290 3804 1445 3876">
     <span class='ocr_line' id='line_1_34' title="bbox 290 3804 1445 3876; baseline 0.002 -17"><span class='ocrx_word' id='word_1_225' title='bbox 290 3804 437 3876; x_wconf 76' lang='lat' dir='ltr'>Dionysius</span> <span class='ocrx_word' id='word_1_226' title='bbox 455 3809 490 3874; x_wconf 83' lang='lat'>(8,</span> <span class='ocrx_word' id='word_1_227' title='bbox 500 3807 542 3873; x_wconf 83' lang='lat'>90)</span> <span class='ocrx_word' id='word_1_228' title='bbox 560 3806 675 3861; x_wconf 86' lang='lat' dir='ltr'>alterum</span> <span class='ocrx_word' id='word_1_229' title='bbox 692 3804 829 3860; x_wconf 87' lang='lat' dir='ltr'>consulem</span> <span class='ocrx_word' id='word_1_230' title='bbox 840 3804 941 3872; x_wconf 84' lang='lat' dir='ltr'>addito,</span> <span class='ocrx_word' id='word_1_231' title='bbox 959 3805 1074 3861; x_wconf 84' lang='lat' dir='ltr'>alterum</span> <span class='ocrx_word' id='word_1_232' title='bbox 1085 3806 1184 3862; x_wconf 85' lang='lat' dir='ltr'>omisso</span> <span class='ocrx_word' id='word_1_233' title='bbox 1195 3805 1325 3875; x_wconf 86' lang='lat' dir='ltr'>praebeat</span> <span class='ocrx_word' id='word_1_234' title='bbox 1336 3821 1445 3875; x_wconf 75' lang='lat' dir='ltr'>cogno-</span> 
     </span>
    </p>
   </div>
   <div class='ocr_carea' id='block_1_11' title="bbox 290 3882 1534 3963">
    <p class='ocr_par' dir='ltr' id='par_1_12' title="bbox 290 3882 1534 3963">
     <span class='ocr_line' id='line_1_35' title="bbox 290 3882 1534 3963; baseline 0.001 -17"><span class='ocrx_word' id='word_1_235' title='bbox 290 3890 362 3946; x_wconf 81' lang='lat' dir='ltr'>mine</span> <span class='ocrx_word' id='word_1_236' title='bbox 375 3886 468 3948; x_wconf 80' lang='grc' dir='ltr'><strong><em>Γάϊον</em></strong></span> <span class='ocrx_word' id='word_1_237' title='bbox 483 3884 600 3947; x_wconf 80' lang='grc' dir='ltr'><strong><em>Ἰούλιον</em></strong></span> <span class='ocrx_word' id='word_1_238' title='bbox 615 3883 737 3948; x_wconf 78' lang='grc' dir='ltr'><strong><em>Ἰούλλον</em></strong></span> <span class='ocrx_word' id='word_1_239' title='bbox 746 3886 872 3948; x_wconf 78' lang='grc' dir='ltr'><strong><em>Κόϊντον</em></strong></span> <span class='ocrx_word' id='word_1_240' title='bbox 887 3886 998 3963; x_wconf 79' lang='grc' dir='ltr'><strong><em>Φάβιον</em></strong></span> <span class='ocrx_word' id='word_1_241' title='bbox 1015 3882 1178 3958; x_wconf 77' lang='grc' dir='ltr'><strong><em>(Καίσωνος</em></strong></span> <span class='ocrx_word' id='word_1_242' title='bbox 1194 3885 1267 3959; x_wconf 68' lang='lat' dir='ltr'>otoo)</span> <span class='ocrx_word' id='word_1_243' title='bbox 1284 3896 1366 3961; x_wconf 84' lang='lat' dir='ltr'>atque</span> <span class='ocrx_word' id='word_1_244' title='bbox 1374 3892 1446 3947; x_wconf 85' lang='lat' dir='ltr'>Ida-</span> <span class='ocrx_word' id='word_1_245' title='bbox 1533 3942 1534 3959; x_wconf 70' lang='grc'>,</span> 
     </span>
    </p>
   </div>
   <div class='ocr_carea' id='block_1_12' title="bbox 289 3968 1448 4128">
    <p class='ocr_par' dir='ltr' id='par_1_13' title="bbox 289 3968 1448 4128">
     <span class='ocr_line' id='line_1_36' title="bbox 289 3968 1448 4047; baseline 0 -15"><span class='ocrx_word' id='word_1_246' title='bbox 289 3978 344 4032; x_wconf 87' lang='lat' dir='ltr'>tius</span> <span class='ocrx_word' id='word_1_247' title='bbox 366 3991 472 4047; x_wconf 89' lang='lat' dir='ltr'>quoque</span> <span class='ocrx_word' id='word_1_248' title='bbox 495 3976 598 4031; x_wconf 88' lang='lat' dir='ltr'>scribat</span> <span class='ocrx_word' id='word_1_249' title='bbox 615 3969 749 4031; x_wconf 85' lang='lat' dir='ltr'>‘Tertullo</span> <span class='ocrx_word' id='word_1_250' title='bbox 767 3981 795 4030; x_wconf 89' lang='lat' dir='ltr'>et</span> <span class='ocrx_word' id='word_1_251' title='bbox 811 3975 897 4032; x_wconf 84' lang='lat' dir='ltr'>Fabio</span> <span class='ocrx_word' id='word_1_252' title='bbox 915 3968 963 4030; x_wconf 91' lang='lat'>11&#39;.</span> <span class='ocrx_word' id='word_1_253' title='bbox 999 3976 1058 4032; x_wconf 88' lang='lat' dir='ltr'>Hoc</span> <span class='ocrx_word' id='word_1_254' title='bbox 1075 3979 1166 4032; x_wconf 88' lang='lat' dir='ltr'>tamen</span> <span class='ocrx_word' id='word_1_255' title='bbox 1184 3991 1254 4032; x_wconf 89' lang='lat' dir='ltr'>anno</span> <span class='ocrx_word' id='word_1_256' title='bbox 1272 3991 1353 4046; x_wconf 89' lang='lat' dir='ltr'>posse</span> <span class='ocrx_word' id='word_1_257' title='bbox 1370 3991 1448 4032; x_wconf 85' lang='lat' dir='ltr'>casu</span> 
     </span>
     <span class='ocr_line' id='line_1_37' title="bbox 290 4061 825 4128; baseline -0.002 -12"><span class='ocrx_word' id='word_1_258' title='bbox 290 4061 395 4117; x_wconf 84' lang='lat' dir='ltr'>tactum</span> <span class='ocrx_word' id='word_1_259' title='bbox 413 4074 472 4116; x_wconf 85' lang='lat' dir='ltr'>esse</span> <span class='ocrx_word' id='word_1_260' title='bbox 489 4074 658 4128; x_wconf 88' lang='lat' dir='ltr'>consensum,</span> <span class='ocrx_word' id='word_1_261' title='bbox 677 4075 731 4115; x_wconf 92' lang='lat' dir='ltr'>non</span> <span class='ocrx_word' id='word_1_262' title='bbox 748 4074 825 4128; x_wconf 82' lang='lat' dir='ltr'>nego.</span> 
     </span>
    </p>
   </div>
   <div class='ocr_carea' id='block_1_13' title="bbox 0 0 1558 4902">
    <p class='ocr_par' dir='ltr' id='par_1_14' title="bbox 0 0 1558 4902">
     <span class='ocr_line' id='line_1_38' title="bbox 0 0 1558 4902; baseline 0 0"><span class='ocrx_word' id='word_1_263' title='bbox 0 0 1558 4902; x_wconf 95' lang='lat' dir='ltr'> </span> 
     </span>
    </p>
   </div>
  </div>
 </body>
</html>
