3108 4902
279 300 340 360 242
703 296 843 354 Comedus
860 294 1000 351 Oiohorius

279 494 363 541 anno
393 474 456 538 386
477 471 591 538 frisam
618 471 828 554 propaginem
847 462 896 535 Ὁ.
910 468 933 533 f.
948 467 983 532 O.
998 457 1037 533 u?
1056 464 1111 550 Sp.
1127 465 1266 533 Seruilio
1296 465 1420 532 tribuno
1535 532 1536 539 ,

280 575 440 644 oonsuluri
460 574 603 640 Lbbbert
623 573 656 650 (l.
672 572 693 637 l.
709 593 741 655 p.
759 574 811 648 17)
826 570 955 654 egregie
971 567 1111 635 ostendit
1125 568 1276 635 tributam
1299 587 1368 635 esse
1383 586 1422 633 ea

279 677 322 744 de
338 696 444 759 eausa,
459 682 495 741 ut
509 675 705 742 clarissimus
721 673 776 757 Sp.
792 672 902 739 Maelii
916 690 1085 756 percussor
1099 670 1134 738 0.
1147 670 1303 738 Seruilius
1318 668 1423 736 Ahala

279 786 419 866 proauus
441 777 600 845 diceretur
620 776 832 861 posteriorum
853 773 1071 841 Seruiliorum.

332 952 349 965 .
364 881 529 947 Postremo
551 898 591 945 eo
618 897 745 961 quoque
768 897 864 962 quam
891 877 1031 942 maxime
1053 874 1206 959 offendor,
1228 874 1315 958 quod
1337 873 1423 940 haud

279 1004 352 1050 raro
374 982 521 1049 diuersae
537 979 680 1048 eiusdem
696 980 799 1064 gentis
820 979 935 1062 stirpes
950 979 984 1044 iu
995 979 1212 1045 stemmatibus
1228 975 1423 1043 eonfuuduu·

281 1091 343 1150 tur·
352 1102 456 1167 neque
471 1082 683 1166 respiciuntur
697 1101 816 1165 earum,
839 1081 954 1163 quibus
968 1082 1050 1146 iuter
1066 1100 1101 1147 se
1116 1079 1317 1161 differebant,
1332 1097 1423 1162 prae-

279 1188 410 1254 nomina
431 1191 464 1251 et
484 1184 689 1268 cognomina,
723 1190 758 1249 ut
780 1185 812 1248 in
835 1182 1043 1251 Seruiliorum
1065 1182 1171 1249 indioe
1192 1182 1356 1265 utriusque
1377 1180 1422 1246 fa·
1535 1202 1536 1205 ¹

137 1366 144 1379 ¹
280 1289 390 1354 miliae
419 1286 565 1354 homines
592 1285 715 1354 eisdem
741 1285 984 1368 cognominibus
1017 1284 1142 1351 Struoto
1175 1284 1282 1350 Ahala
1314 1284 1422 1350 Prisoo
1534 1328 1536 1381 4

280 1390 460 1475 promisoue
481 1394 619 1470 utuntur,
641 1393 738 1470 atque
761 1406 802 1452 ex
823 1386 980 1453 Fidenate
1002 1385 1117 1470 Ahala,
1141 1405 1182 1453 ex
1197 1384 1304 1451 Ahala
1317 1384 1420 1452 Strue-
1534 1450 1536 1483 ,

281 1498 331 1559 tus
354 1497 440 1558 ortus
463 1509 533 1569 esse
555 1489 758 1573 significatur.

367 1591 457 1669 Quae
478 1611 531 1658 me
552 1598 740 1675 permouent
760 1611 886 1674 causae,
915 1597 950 1658 ut
970 1597 1061 1658 notas
1086 1591 1321 1676 genealogicus,
1345 1610 1422 1674 quus

281 1695 418 1778 legimus
441 1694 605 1760 oonsulum
627 1694 661 1759 in
681 1693 799 1759 tabulis
822 1691 1026 1777 Capitolinis,
1054 1693 1168 1759 eadem
1193 1694 1332 1775 ratione,
1361 1712 1425 1775 qua

283 1797 483 1880 cognomina,
505 1815 569 1861 uon
590 1795 751 1879 profectas
773 1815 844 1862 esse
867 1794 973 1861 diuam
988 1814 1030 1860 ex
1047 1796 1287 1877 antiquissimae
1309 1797 1424 1862 aetatis

282 1899 446 1982 memoria,
469 1896 527 1965 sed
548 1897 590 1964 ab
613 1897 679 1982 illo,
703 1898 758 1980 qui
779 1898 997 1964 reeensionem
1011 1897 1105 1964 istam
1127 1897 1271 1980 instituit,
1294 1896 1425 1964 effeetus

283 2001 472 2067 existimem.

751 2118 956 2126 ——--——

680 2282 822 2351 cAPUT
845 2283 1023 2351 SEXTUM

504 2425 564 2504 De
584 2427 696 2524 fastor
725 2425 1005 2530 Chronoqroplu‘
1027 2430 1116 2504 onnr'
1137 2427 1213 2504 354

367 2605 518 2689 Extremi,
541 2603 582 2671 de
604 2606 719 2687 quibus
740 2604 820 2670 mihi
845 2611 895 2671 est
915 2604 1084 2688 agendum,
1105 2606 1155 2671 illi
1176 2614 1249 2674 sunt
1263 2607 1336 2674 fasti
1351 2628 1426 2676 oon-

283 2709 414 2788 sulares,
437 2725 516 2788 quos
537 2705 672 2789 legimus
693 2705 781 2790 apud
803 2704 1083 2791 chronographum
1105 2708 1180 2774 anni
1203 2714 1274 2775 354.
1309 2711 1429 2793 Neque

283 2829 360 2875 uero
382 2808 423 2873 de
445 2808 492 2873 eis
519 2812 585 2872 tem
614 2806 714 2872 multa
741 2806 820 2871 mihi
840 2812 913 2874 suut
933 2806 1080 2875 facienda
1101 2812 1209 2893 uerba,
1239 2831 1311 2878 oum
1339 2818 1429 2880 totus

283 2911 351 2976 iere
372 2907 527 2976 assentiar
548 2907 623 2988 illis,
646 2925 729 2989 quae
744 2906 785 2973 de
806 2909 898 2974 fastis
913 2909 1153 2996 chronographi
1167 2914 1295 2994 egregie
1318 2913 1430 3000 dispu-

283 3010 365 3079 teuit
385 3011 560 3077 Mommsen
581 3010 628 3089 (O.
643 3010 669 3076 Ι.
683 3011 719 3077 L.
734 3012 751 3076 I
765 3030 795 3094 p.
811 3014 872 3076 483
888 3016 921 3077 et
935 3011 1027 3079 Rom.
1046 3011 1158 3079 Cbron.
1173 3035 1204 3098 p.
1223 3020 1305 3092 107).
1341 3018 1428 3084 Nam

282 3134 323 3181 ue
344 3111 423 3179 mihi
446 3110 574 3194 quidem
589 3117 637 3178 est
659 3112 799 3194 dubium,
823 3114 898 3194 quin
916 3113 1048 3181 redeant
1068 3115 1112 3181 ad
1126 3117 1307 3202 exemplum
1329 3118 1429 3187 fusto-

283 3237 353 3282 rum
374 3215 470 3299 plane
491 3215 663 3299 gemellum
685 3216 864 3301 Capitolini.
900 3216 1014 3301 Neque
1034 3218 1118 3284 enim
1140 3219 1234 3286 aliter
1248 3221 1429 3305 explicatur

284 3317 446 3398 utriusque
468 3317 614 3383 laterculi
636 3337 806 3385 eonsensus
827 3318 859 3384 in
875 3320 980 3385 multis
994 3320 1174 3386 nominibus
1195 3322 1278 3388 falso
1300 3323 1428 3407 seriptis

285 3419 420 3500 aliisque
436 3417 469 3483 in
491 3418 657 3484 erroribus.
680 3421 858 3504 Exoerptus
873 3428 979 3488 autem
1001 3427 1051 3487 est
1070 3421 1169 3489 index
1185 3422 1429 3510 chronographi

285 3541 326 3586 ex
341 3520 441 3602 fastis,
457 3519 651 3604 singulorum
666 3522 829 3587 oonsulum
843 3522 971 3589 nomina
984 3523 1085 3607 primo
1101 3545 1177 3592 easu
1192 3525 1431 3610 exhibentibus,

285 3641 356 3687 oum
378 3640 475 3704 saepe
496 3621 707 3688 nominatiuus
733 3623 820 3707 apud
841 3644 912 3690 eum
927 3625 1059 3710 legatur,
1081 3627 1134 3693 ubi
1159 3646 1316 3708 quaenam
1338 3629 1431 3694 abla-
1533 3704 1534 3707 Ἴ

285 3723 353 3789 tiua
379 3722 514 3789 nominis
542 3730 627 3790 esset
655 3723 757 3792 forma
785 3725 952 3808 ignorabat
980 3734 1158 3813 exeerpt0r3
1188 3730 1227 3796 of.
1243 3729 1339 3796 Volso
1355 3733 1433 3813 280,

286 3827 358 3908 354,
374 3827 451 3908 ses,
467 3823 689 3909 poenosas,
706 3831 1121 3915 numquamque,
1136 3831 1241 3898 Mento
1258 3834 1336 3916 ens,
1359 3831 1434 3898 Pri-

285 3944 400 3992 uernas
415 3928 494 4009 4253
508 3926 644 3995 Aruiuas
656 3931 732 4012 423;
750 3929 883 3997 Saberio
895 3936 972 4015 4503
988 3932 1112 3999 Laenas
1124 3937 1196 4013 404,
1208 3937 1285 4018 406;
1301 3935 1437 4002 Dorsuo

286 4030 362 4112 4095
387 4026 484 4093 Oeneo
501 4031 577 4112 513;
601 4030 694 4096 Philo
710 4036 781 4114 415,
798 4036 859 4098 434
875 4033 1036 4116 multaque
1051 4035 1117 4101 alia
1137 4034 1275 4102 nomina.
