3108 4902
416 332 459 387 De
474 330 553 389 fustis
571 330 756 389 oonsultnbus
773 331 975 403 antiquissimis.
1204 334 1266 395 207

121 510 296 588 auctorem,
317 504 360 571 ad
382 524 477 588 quem
490 504 629 571 Idntiuni
651 511 724 572 sunt
744 505 903 573 referendi
925 506 1014 589 iusti,
1040 507 1268 576 exconsulum

122 607 304 674 nominibus
326 608 466 674 conabor
487 605 713 675 demonstrare.

208 708 268 775 llic
282 729 347 775 non
360 715 396 775 ut
408 710 520 777 Liuius
543 709 679 777 eundem
702 716 865 777 auctorem
886 730 945 795 per
965 711 1091 794 longius
1113 715 1267 798 temporit

120 811 262 894 spatium
283 813 365 878 solet
386 812 488 896 sequi,
513 809 572 878 sed
593 813 667 879 aliis
688 813 770 880 ulios
792 813 1009 880 intermiscere
1030 812 1143 880 fontes.
1187 814 1267 882 (ium

119 912 228 979 idatio
249 919 355 979 autem
378 913 411 978 in
433 914 675 997 cognominibus
698 912 834 981 diuersis
856 915 899 981 ab
920 915 1056 981 aliorum
1078 916 1267 1000 scriptorum

121 1016 177 1081 uel
198 1016 326 1082 omnino
349 1016 476 1084 omissis
498 1018 655 1084 consentit
676 1015 765 1083 hisce
787 1017 879 1084 annis
893 1019 931 1095 ¹):

250 1184 414 1253 idatius
784 1186 1004 1270 Dionysius
1077 1170 1080 1177 Δ

157 1304 208 1355 254
243 1300 420 1358 camerino
569 1307 636 1370 5,52
672 1308 841 1382 Σερουίλιος
859 1308 1016 1371 Σολπίκιος
1033 1308 1249 1377 Καμερινος

241 1391 268 1439 st
285 1385 388 1453 Longo.
672 1389 785 1458 Μάνιος
805 1389 921 1457 Τύλλιος
938 1387 1062 1463 Λόγγος

157 1475 206 1527 255
241 1471 328 1525 Heius
572 1480 638 1543 5,58
674 1473 802 1543 Πόπλιος
821 1471 991 1550 Οὐετούριος
1008 1480 1172 1545 Γεμῖνος.

242 1559 270 1610 et
287 1555 431 1611 Gemino.
674 1559 802 1629 Πόπλιος
818 1556 965 1636 Ἐβούτιος
981 1555 1143 1663 Ελάελβας.

112 1687 115 1692 .
158 1644 208 1696 256
242 1639 351 1695 Fluuo
572 1651 639 1711 559
678 1639 1072 1721 ΉτοςΛάρκιοςΦλόβος

242 1729 270 1779 et
287 1723 387 1780 Siculo.
673 1727 797 1796 Κοϊντος
815 1733 950 1798 Κλοίλιος
968 1726 1097 1795 Σικελός.

159 1813 208 1863 259
243 1808 366 1864 Sabino
570 1819 638 1884 6,23
669 1812 787 1882 Αππιος
805 1812 943 1882 Κλαύδιος
961 1821 1124 1888 Σαβινος

242 1898 271 1949 et
287 1894 412 1949 Prisco.
672 1897 801 1967 Πόπλιος
820 1901 988 1973 Σερουίλιος
1006 1902 1076 1973 Πρλ
1082 1918 1176 1963 οκος.

158 1983 207 2036 266
243 1980 445 2035 Goelimontsno
570 1989 638 2054 6,34
673 1976 765 2052 Αὖλος
783 1979 947 2059 Οὐεργίνιος
965 1980 1127 2050 Μοντανός.

242 2072 271 2120 et
288 2065 432 2120 Gemino.
674 2076 759 2139 ’Πτος
778 2065 831 2129 Ούέ
830 2092 896 2140 μιος
912 2072 1088 2141 Γεμίνιος

158 2156 207 2207 263
241 2151 381 2219 Augurino
571 2161 636 2224 7›²⁰
673 2153 797 2231 Μαρκος
814 2152 960 2228 Μηνύκιος
977 2149 1159 2230 Αὐγουρῖνος

242 2238 270 2289 et
285 2235 420 2290 Atratino.
672 2233 765 2307 Αολος
784 2238 973 2313 Σεμπρώνιος
989 2235 1158 2315 Ἀτρατῖνος

158 2323 208 2374 264
243 2319 424 2375 Camerino
571 2331 595 2392 λ,
605 2329 638 2381 64
673 2322 797 2392 Κοιντος
815 2329 990 2393 Σουλπίκιος
1007 2331 1223 2399 Παμερινος

243 2409 271 2458 et
287 2403 383 2459 Flauo.
674 2410 795 2483 Σέργιος
813 2407 941 2483 Λάρκιος
959 2408 1090 2479 Φλάυιος.

159 2493 208 2544 265
243 2488 323 2543 Tullo
571 2496 618 2559 8,1
672 2495 775 2558 Γαίος
780 2488 898 2558 Ἰούλιος
911 2492 1027 2560 ”.Ιουλος

242 2580 270 2628 et
286 2572 381 2629 Rufo.
672 2572 801 2643 Πόπλιος
819 2574 955 2651 Πινάριος
968 2572 1127 2648 Ροῦφος.

157 2662 206 2715 266
241 2659 344 2715 Nautio
571 2658 773 2731 8,1b²))lrr6pro;
789 2657 899 2724 Ναύτιος

241 2749 269 2800 et
280 2743 513 2814 Roso(=Fort'o)
672 2747 760 2811 Σέξτος
776 2745 887 2817 Φούριος.

159 2834 207 2885 279
242 2828 346 2884 Nautio
570 2837 637 2901 9,28
673 2829 802 2901 Πόπλιος
821 2827 974 2908 Οὐαλέριος
991 2831 1181 2900 Ποπλικόλας.

242 2918 271 2969 et
286 2914 434 2971 Publicola.
672 2915 763 2984 Γαῖος
780 2915 891 2982 Ναύτιος.

158 3003 207 3055 rec
241 2999 340 3054 Mattio
348 3000 369 3066 ³)
570 3005 638 3067 occ
672 2994 751 3064 stro<
767 3000 887 3066 Μάλλιος.

241 3090 269 3139 et
285 3084 380 3141 Furio.
671 3083 771 3148 Λεύκιος
786 3084 913 3159 Φρούριος

121 3226 325 3236 -----.

211 3324 234 3385 1)
252 3320 295 3376 Εα
312 3322 408 3391 quibus
425 3323 528 3378 idatius
546 3326 575 3379 et
588 3323 742 3393 Dionysius,
762 3323 960 3379 consentientes
978 3322 1050 3378 inter
1066 3338 1104 3388 se,
1122 3337 1139 3376 s
1157 3321 1268 3390 reliquis

121 3409 280 3475 discrepant
296 3408 454 3476 cognomine
467 3408 592 3475 diductis,
610 3424 678 3479 quos
694 3414 807 3479 uterque
823 3410 871 3464 dut
887 3408 1011 3464 consules
1029 3409 1086 3464 uine
1103 3406 1268 3475 cognomini·

121 3494 183 3562 bns,
200 3491 337 3548 inclinatis
354 3493 453 3561 latinis,
471 3495 552 3551 rectis
566 3495 669 3563 muscis
686 3496 786 3550 notabo
804 3495 910 3550 litteris.

209 3571 235 3647 λ’)
251 3578 363 3634 Nitzsch
385 3594 491 3649 quoque
514 3594 573 3635 eam
588 3580 652 3635 libri
669 3580 759 3635 octoni
775 3584 892 3650 partem,
911 3593 965 3649 quc
981 3579 1010 3632 hi
1025 3579 1080 3647 ipsi
1097 3575 1268 3633 continentur

124 3667 257 3733 consules,
276 3679 309 3720 ex
320 3662 416 3720 Moero
433 3664 600 3735 desumptum
618 3680 677 3720 esse
694 3671 795 3720 censet.
824 3664 902 3733 Quod
920 3679 981 3719 cum
997 3662 1089 3730 iaciat,
1107 3677 1268 3732 quamquam

122 3753 182 3809 sine
200 3749 403 3822 cognominibus
420 3750 485 3805 unni
502 3750 609 3820 quidem
627 3754 677 3805 266
693 3750 845 3806 reseruntur
859 3747 1017 3817 cDionysic
1036 3748 1169 3816 consules,
1187 3762 1267 3817 quum

120 3841 238 3896 maxime
254 3855 297 3895 mc
314 3838 435 3895 adiuuet.

209 3929 235 3992 3)
251 3926 314 3981 Non
331 3925 418 3980 solum
434 3923 463 3977 iu
480 3921 580 3977 omisso
596 3921 691 3976 Manlii
709 3921 866 3988 cognomine
889 3919 1059 3975 consentiunt
1075 3918 1222 3989 Dionysius
1239 3925 1268 3974 et

120 4009 242 4077 idatius,
264 4011 312 4066 sed
333 4009 415 4065 etium
437 4008 466 4062 in
490 4007 632 4063 scribendo
649 4006 784 4076 gentilicio
802 4005 909 4061 nomine
926 3997 1044 4060 ‘Mallio'
1061 4022 1111 4080 pro
1131 3998 1267 4069 ‘Manlio'‚

122 4095 197 4171 quod
215 4101 242 4151 et
259 4097 288 4151 in
304 4094 436 4151 lintiunis
454 4092 619 4164 Graecisque
635 4092 714 4149 ustis
731 4093 828 4162 legitur
844 4098 872 4149 et
888 4093 962 4165 opud
978 4094 1146 4165 Dionysium.
