3108 4902
693 309 833 367 conradus
851 309 992 365 Oiehorius

646 426 832 551 latwh‘et
854 469 1019 548 Caedicio'

703 560 706 566 ι
725 554 750 585 1·ἐῖ
866 562 872 648 Ι

709 589 732 608 υ
762 591 766 598 ·

645 673 692 736 gr.
786 650 842 714 καὶ
863 647 1027 713 καιδικίου

646 841 693 904 gr.
787 819 844 883 καὶ
865 821 988 882 Δεκίου

740 914 951 1029 JK

405 1049 477 1115 fast.
499 1043 612 1115 Idat.‘
617 1057 649 1115 et
636 1043 785 1117 tDecio
811 1050 867 1113 καὶ
889 1052 972 1115 Δεκί
959 1053 1011 1115 tou
1038 1047 1115 1113 fast
1134 1043 1247 1111 Graec.

352 1193 522 1260 Excidiese
538 1195 623 1260 enim
638 1194 765 1260 uidetur
780 1195 935 1279 inpriore
951 1195 1039 1259 fonte
1054 1190 1180 1258 Graeco
1195 1189 1332 1256 alterum
1345 1211 1420 1273 καις

267 1316 306 1362 ae
329 1295 476 1377 sequenti
497 1296 639 1362 insonte
662 1297 777 1379 scriba,
800 1316 871 1363 curn
894 1297 922 1362 is
938 1296 1057 1378 consul,
1081 1294 1137 1376 qui
1151 1294 1252 1358 altero
1274 1292 1346 1357 loeo
1361 1312 1419 1358 no-

267 1399 460 1480 minabatur,
483 1398 641 1480 particula
660 1399 717 1462 καὶ
738 1399 805 1464 fere
820 1398 1052 1479 adnecteretur,
1075 1395 1156 1461 illud
1172 1394 1259 1479 quod
1280 1399 1348 1460 erat
1368 1412 1418 1458 re-

267 1500 379 1565 lictum
391 1524 446 1564 και
458 1520 516 1585 prc
528 1501 688 1584 particula
701 1499 814 1567 habuit
827 1500 1027 1585 copulatiua3
1050 1499 1127 1582 quia
1141 1503 1248 1564 autem
1261 1486 1415 1562 ‘Dicium’

268 1621 333 1667 non
354 1602 443 1667 nouit
465 1622 581 1669 nomen
596 1603 786 1686 Romanum,
808 1603 1008 1670 notissimum
1030 1601 1138 1686 posuit
1159 1619 1218 1682 pro
1241 1618 1280 1665 eu
1303 1617 1419 1664 nomen
1464 1649 1473 1670 ,

268 1703 373 1768 Decii.
414 1703 483 1768 Iam
506 1723 583 1770 uero
605 1703 729 1772 Idatius
751 1705 867 1771 falsum
889 1704 951 1770 hcc
973 1722 1088 1769 nomen
1109 1701 1237 1786 aceepit
1259 1705 1292 1764 et
1305 1699 1420 1764 Latine

267 1805 365 1871 uertit
382 1797 429 1871 ‘et
443 1796 571 1889 Decio',
594 1826 667 1889 eum
681 1807 757 1874 fasti
772 1806 888 1873 Graeci
909 1807 1092 1889 retinerent,
1114 1803 1201 1887 quod
1216 1803 1366 1869 exstabat
1387 1802 1420 1866 in

267 1907 355 1973 fonte
377 1927 452 1990 suc,
473 1908 529 1971 καὶ
551 1911 684 1973 Δεκίου.
727 1909 829 1975 Plane
852 1909 949 1975 simili
971 1906 1067 1972 modo
1090 1925 1213 1972 errasse
1235 1907 1301 1970 iam
1323 1923 1421 1989 cupra

268 2008 395 2074 ostendi
424 2009 577 2075 fastorum
601 2009 798 2077 Graecorum
819 2017 982 2076 auctorem
1004 2028 1087 2074 anno
1110 2009 1182 2072 585.
1221 2006 1287 2073 Ubi
1309 2006 1419 2091 appel·

267 2111 352 2176 latur
374 2113 485 2177 consul
507 2112 564 2179 On
584 2112 741 2179 Seruilius
764 2113 886 2196 Caepio
906 2105 975 2175 ‘rai
997 2099 1180 2193 Htcmroc’,
1203 2128 1276 2175 cum
1297 2109 1421 2174 Idatius

267 2218 355 2279 reete
382 2212 501 2279 habeat
525 2207 572 2279 ‘et
599 2205 790 2298 Caepiuue',
824 2215 871 2279 ita
898 2214 969 2279 ut
960 2234 993 2278 ιι
1020 2215 1108 2279 fonte
1137 2216 1294 2295 appareat
1280 2211 1419 2276 tfuisue

267 2308 451 2398 seriptum‘
455 2339 510 2379 και
499 2306 748 2394 Kambaiton
771 2315 996 2382 fastorumt
940 2335 981 2380 au
982 2320 1048 2381 tem
1063 2312 1260 2413 Graecorum
1280 2313 1419 2378 scribam

242 2416 313 2482 ⁸alt
301 2421 370 2482 tero
397 2440 453 2480 και
475 2417 608 2501 emisse,
635 2419 737 2483 altero
766 2437 824 2500 pro
844 2406 904 2483 ‘'et
931 2414 1027 2483 ducto
1049 2435 1092 2482 ex
1113 2437 1241 2490 πιωνος
1229 2394 1351 2499 quod
1371 2434 1420 2481 re·

267 2518 374 2584 stabat
394 2517 526 2586 finxisse
547 2522 714 2594 Πίσωνος.
1166 2540 1169 2547 ’

352 2619 460 2704 Atque
481 2621 564 2688 haec
586 2620 732 2688 sufficere
755 2638 870 2686 censeo
889 2617 933 2684 ad
948 2617 1239 2701 demonstrandum,
1261 2637 1325 2683 non
1348 2636 1420 2684 esse

267 2721 368 2788 fastos
390 2722 533 2788 Graecos
556 2742 598 2788 ex
624 2721 781 2787 Idatiauie
803 2721 983 2802 translatos,
1013 2718 1072 2786 aed
1093 2726 1261 2802 utrumque
1282 2720 1418 2786 latereu-

267 2825 335 2889 lum
358 2843 399 2889 ex
422 2823 538 2889 eodem
552 2820 677 2889 Graeco
698 2820 832 2889 fluxisse
853 2821 1007 2888 fastorum
1023 2823 1184 2907 exemplu,
1207 2823 1259 2888 cui
1280 2823 1419 2906 plurima

268 2947 307 2993 ac
329 2923 519 2992 foedissima
540 2925 598 2992 illa
620 2923 739 2991 debent
760 2923 889 3007 menda,
912 2943 995 3007 quae
1017 2925 1144 3006 utrique
1166 2926 1350 2991 eommunia
1370 2945 1418 2991 re·

266 3029 440 3113 periuntur.

354 3128 444 3206 Quae
461 3129 490 3195 si
504 3129 685 3195 accuratius
701 3128 1001 3210 examiuauerimus,
1019 3127 1089 3193 iam
1104 3127 1191 3193 unde
1205 3127 1311 3212 ipsum
1320 3128 1419 3196 (irae-

268 3249 340 3298 cum
357 3230 542 3314 exemplum
556 3229 707 3297 haustum
722 3231 773 3314 sit,
797 3229 944 3296 elucebit.
982 3228 1064 3295 Tam
1080 3230 1164 3295 euim
1180 3249 1278 3314 saepe
1292 3232 1417 3297 litterae

268 3324 413 3400 Graecae
435 3331 670 3398 confunduntur
692 3352 764 3398 eum
778 3332 876 3416 plane
896 3329 1033 3397 diuersis
1048 3331 1182 3415 Latinis,
1205 3350 1290 3415 qua-e
1311 3340 1418 3399 tamen

268 3433 384 3499 eadem
406 3433 548 3516 imagine
570 3433 765 3517 scribantur,
794 3437 829 3498 ut
851 3432 995 3499 dicamus
1023 3451 1156 3499 necesse
1178 3434 1236 3517 eit,
1260 3432 1419 3501 Graecum

266 3534 365 3601 Idatii
386 3555 426 3601 ac
441 3533 592 3600 Chronici
608 3534 776 3601 Paschalis
799 3535 919 3601 fontem
942 3536 970 3601 si
992 3555 1055 3601 uon
1071 3554 1113 3601 ex
1134 3536 1206 3619 ipso
1223 3537 1419 3620 exscriptum

267 3642 375 3702 tamen
398 3656 469 3703 esse
491 3635 695 3703 referendum
722 3636 766 3702 ad
788 3638 937 3703 Latinum
960 3637 1125 3703 consulum
1147 3637 1297 3703 indicem
1333 3638 1420 3703 Nam

268 3737 354 3819 quod
377 3744 409 3803 et
430 3737 518 3822 apud
531 3737 672 3805 Idatium
694 3739 757 3804 et
747 3759 781 3804 ιιι
802 3739 893 3804 fastis
908 3737 1041 3805 Graecis
1056 3738 1174 3822 legitur
1196 3739 1327 3805 alterius
1341 3740 1420 3804 anni

267 3939 306 4004 lit
293 3945 445 4006 tterarum
466 3962 489 4005 x
512 3948 544 4006 et
563 3965 583 4021 χ
606 3941 718 4008 forma.
755 3942 807 4007 Ex
828 3942 944 4009 Latino
959 3939 1135 4004 ΑΧΙΙ.1.Α
1157 3943 1253 4009 homo
1276 3940 1419 4009 Graecus

267 4041 343 4107 feeit
364 4039 537 4103 ΑΧΙΛΛΑ
560 4045 670 4128 etqui
692 4064 766 4112 eum
787 4046 888 4111 secuti
910 4050 983 4112 suut
1002 4046 1074 4112 fast
1051 4051 1076 4112 ιι
1090 4044 1231 4112 Idatiani
1253 4050 1286 4110 et
1272 4043 1420 4111 tGraeei
