3108 4902
397 313 438 368 De
454 312 532 368 fastis
550 311 736 368 consularibus
754 311 953 390 antiquissimis.
1184 314 1244 375 241

109 487 205 555 debet
217 505 346 553 mouere
369 485 615 567 dubitationem
637 504 711 550 nam
734 486 761 552 si
777 486 916 569 origines
938 486 1112 570 consulum,
1135 488 1246 570 quales

109 588 262 655 exhibent
282 588 356 655 fasti
371 587 544 673 Capitolini
566 592 657 652 sexto
680 587 733 653 uel
749 588 885 671 septimo
907 588 1045 672 saeculo,
1068 591 1247 656 accuratius

110 691 406 773 examinaberimus,
435 690 552 755 multos
575 708 693 772 eorum,
723 690 778 771 qui
812 695 1033 756 enumerantur
1064 696 1172 774 patres
1193 697 1249 757 aut

110 794 164 858 aui
179 793 351 876 consulum,
375 792 471 857 etiam
486 791 755 857 nobilissimarum
770 792 922 875 gentium,
939 792 1067 857 omnino
1082 813 1146 858 non
1160 794 1248 859 iunc-

110 899 159 960 tos
182 914 250 961 esse
272 895 471 967 inueniemus
487 892 618 959 summis
634 893 667 956 in
681 892 847 976 republica
861 893 1107 976 magistratibus.
1144 895 1248 977 Atque

110 1014 152 1061 ex
173 996 243 1079 ipsa
270 997 317 1062 rei
345 1000 458 1062 natura
478 995 659 1062 necessario
682 993 743 1061 hoc
765 995 923 1078 sequitur,
953 1016 1024 1060 cum
1046 994 1133 1060 haud
1154 999 1250 1079 pauci

109 1099 236 1164 illorum
262 1098 378 1162 mortui
405 1116 476 1163 esse
503 1098 567 1163 sint
597 1096 731 1179 putandi
764 1097 949 1180 priusquam
976 1096 1019 1162 ad
1052 1098 1251 1162 consulatum

108 1200 323 1283 peruenerint,
352 1199 409 1264 alii
441 1203 547 1264 autern
580 1200 649 1264 siue
671 1198 815 1281 corporis
845 1199 931 1265 uitiis
953 1197 1141 1280 infirmaque
1162 1200 1250 1263 uale-

108 1301 219 1367 tudine
241 1301 310 1366 siue
333 1299 405 1366 aliis
432 1300 474 1366 de
505 1300 609 1366 causis
631 1300 778 1383 impediti
797 1300 923 1366 omnino
946 1320 1008 1365 non
1030 1300 1162 1385 petiisse
1184 1320 1251 1365 ma·

107 1405 268 1487 gistratus.
319 1401 421 1467 Valde
450 1403 547 1485 igitur
576 1407 624 1468 est
652 1400 845 1485 mirandum,
875 1402 1104 1484 antiquissimis
1130 1407 1251 1485 tempo-

106 1506 197 1571 ribus
226 1503 374 1569 continuo
404 1502 515 1569 ordine
544 1505 659 1586 stirpes
690 1503 845 1586 quasdam
867 1523 1006 1570 summos
1028 1503 1252 1570 administrare

108 1607 315 1688 magistratus
330 1624 435 1687 neque
450 1623 641 1687 quemquam
657 1624 698 1670 ex
720 1606 767 1671 eis
790 1603 951 1672 hominem
965 1606 1121 1672 iuniorem
1143 1605 1252 1672 deces-

107 1708 201 1790 sisse,
224 1725 320 1789 quam
342 1707 394 1772 oui
419 1707 462 1772 sit
483 1706 607 1772 oblatus
629 1707 833 1789 magistratus
856 1708 981 1773 curulis.
1015 1706 1128 1790 Neque
1150 1708 1254 1773 minus

108 1810 183 1892 ipsa
204 1809 331 1874 illarum
352 1809 498 1891 stirpium
520 1809 664 1892 paucitas
688 1806 821 1873 offendit
846 1809 1035 1891 praesertim
1063 1828 1135 1874 cum
1155 1810 1255 1875 multo

107 1913 219 1996 plures
250 1913 346 1977 etiam
373 1917 439 1976 tum
467 1909 631 1976 floruerint
655 1916 766 1994 gentes
795 1912 966 1994 patritiae,
988 1917 1122 1993 uterque
1144 1912 1256 1977 consul

109 2020 236 2082 oreatus
252 2015 293 2079 sit
307 2013 469 2099 patricius,
492 2013 605 2078 maiori
620 2012 933 2079 hominumnumero
955 2013 1082 2079 licuerit
1102 2012 1256 2080 accedere

108 2118 155 2183 ad
176 2117 307 2201 publica
320 2116 460 2199 negotia,
483 2117 644 2198 quaternis
658 2115 710 2182 uel
732 2116 818 2181 senis
833 2116 887 2181 uel
902 2116 1024 2182 octonis
1047 2115 1180 2199 singulis
1202 2135 1256 2181 an-

108 2220 161 2285 nis
184 2218 298 2284 creatis
320 2218 454 2283 tribunis
475 2218 612 2282 militum
627 2217 784 2283 consulari
805 2223 972 2301 potestate.

196 2319 309 2400 Neque
325 2318 421 2400 igitur
435 2318 533 2383 ullam
548 2319 712 2383 tribuerim
726 2317 823 2384 fidem
839 2321 923 2385 notis
945 2319 1160 2402 genealogicis
1182 2317 1257 2400 illis,

109 2442 193 2507 quas
226 2420 410 2486 adscribunt
436 2420 511 2487 fasti
533 2420 716 2504 Capitolini,
743 2421 840 2486 immo
863 2422 1022 2488 confectas
1046 2422 1119 2487 dico
1148 2422 1189 2488 ab
1211 2422 1259 2487 in·

107 2524 239 2592 ferioris
267 2522 380 2588 aetatis
407 2522 560 2588 fastorum
581 2520 762 2604 redactore,
792 2523 847 2604 qui
876 2542 941 2604 qua
966 2524 1089 2589 ratione
1119 2523 1261 2589 effecerit

109 2624 322 2710 genealogica
350 2643 408 2690 sna
435 2623 672 2706 antiquissima,
700 2643 763 2689 non
786 2624 851 2690 iam
873 2642 944 2690 esse
973 2623 1104 2689 dubium
1134 2643 1259 2691 censeo.

109 2726 301 2810 Composuit
327 2725 411 2791 eninr
444 2731 609 2792 stemmata
636 2745 678 2792 ex
705 2726 784 2809 ipsis
811 2725 901 2792 fastis
927 2727 993 2792 suis
1016 2726 1077 2811 ita,
1100 2732 1135 2791 ut
1155 2727 1260 2810 singu·
1360 2776 1363 2781 .

109 2832 154 2896 lis
183 2828 365 2895 oonsulibus
403 2847 458 2894 eos
487 2827 579 2893 daret
611 2834 719 2911 patres
748 2833 781 2893 et
807 2847 902 2910 auos,
934 2828 988 2911 qui
1012 2829 1156 2895 eiusdem
1185 2848 1261 2912 gen-

110 2933 156 2998 tis
186 2931 251 2995 illis
278 2927 507 3014 praecederent
535 2931 681 2995 consules
708 2930 742 2993 in
770 2928 876 2996 indice
906 2949 1145 3013 eponymorum.
1190 2929 1261 3007 Quo

110 3031 248 3117 quidem
270 3030 366 3096 modo
389 3030 504 3111 effecit,
527 3036 562 3095 ut
584 3031 614 3095 ei
637 3030 698 3096 soli
718 3029 900 3113 legerentur
928 3031 962 3095 in
991 3032 1177 3114 originibus,
1207 3033 1262 3113 qui

111 3153 254 3203 summos
276 3134 480 3216 magistratus
495 3130 811 3214 administraremus,
833 3150 937 3214 neque
956 3133 1061 3216 potuit
1081 3131 1162 3215 fieri,
1185 3133 1262 3215 quin

112 3253 216 3318 saepe
231 3237 453 3318 neglegeretur
475 3234 627 3317 temporis
649 3234 742 3315 ratio,
764 3253 836 3299 curn
850 3233 946 3300 modo
962 3233 1076 3300 eodem
1092 3233 1257 3317 decennio,

111 3335 214 3403 modo
248 3336 477 3418 quinquaginta
498 3355 654 3400 annorum
683 3334 853 3400 interuallo
879 3336 1068 3418 interposito
1090 3337 1157 3402 bini
1178 3335 1261 3402 eius·

113 3438 194 3505 dem
222 3437 326 3518 gentis
352 3438 385 3501 in
413 3437 503 3503 fastis
534 3441 697 3503 exstarent
723 3436 878 3503 consules.
930 3437 995 3504 Ubi
1023 3443 1130 3503 autem
1158 3437 1262 3519 gentis

113 3538 254 3607 alicuius
278 3539 394 3620 singuli
423 3544 544 3604 tantum
571 3538 717 3605 infantis
739 3538 939 3622 apparebant
966 3539 1129 3620 eonsules,
1158 3540 1264 3622 ipsum

114 3640 182 3709 sibi
204 3640 404 3721 excogitasse
427 3639 546 3722 elucet,
569 3658 652 3721 quae
670 3638 819 3721 adderet,
841 3640 1049 3723 praenomina
1077 3645 1211 3723 paterna
1232 3646 1265 3705 et

114 3743 216 3809 auita.
248 3740 362 3823 Neque
384 3741 490 3807 aliena
504 3739 631 3806 uidetur
646 3760 717 3807 esse
734 3759 774 3806 ea
787 3742 992 3825 neglegentia
1013 3747 1045 3806 et
1066 3760 1167 3824 praua
1190 3761 1262 3807 con-

115 3844 239 3910 iciendi
261 3844 342 3909 ratio
364 3842 406 3908 ab
428 3843 485 3907 illa
505 3842 655 3924 imagine,
678 3862 773 3924 quarn
800 3842 963 3909 effecimus
978 3841 1152 3909 reductoris
1168 3843 1262 3926 Capi-

115 3946 212 4010 tolini
234 3965 275 4011 ex
298 3944 521 4011 conaminatis
543 3944 584 4009 ab
607 3963 645 4009 eo
667 3944 890 4026 cognominum
911 3944 1158 4012 recensionibus.
1201 3946 1263 4010 Ac·

118 4046 240 4113 cedunt
274 4047 339 4113 alia
375 4065 502 4129 quoque
544 4047 716 4113 ementitae
750 4045 961 4129 genealogiae
994 4047 1147 4130 uestigia,
1191 4066 1266 4111 narn
