3108 4902
437 298 480 353 De
497 297 575 353 festis
594 295 781 353 consularibus
797 296 998 366 antiquissimis.
1230 297 1290 358 179

143 467 358 557 καθιερώσας
392 461 491 536 αὐτὸν
519 452 559 554 ἦν
588 463 775 553 Πρόκλος
805 460 1046 554 Οὐεργίνιος
1079 458 1195 556 ἅτερος
1226 471 1293 534 τῶν

143 596 293 639 vauvwv.
411 610 414 632 ¹

232 681 260 741 5.
283 675 408 742 Nomen
424 674 480 758 Sp.
493 673 597 741 Oassii
611 673 798 756 inscriptum
812 672 940 740 uidetur
949 673 1049 740 fuisse
1064 674 1097 739 in
1112 674 1292 758 simulacro,

146 777 233 861 quod
255 796 339 843 anno
361 779 423 841 269
446 795 466 841 a
487 774 610 840 familia
632 776 701 841 eius
724 774 832 841 Generi
854 780 924 840 erat
949 773 1146 859 dedicatum,
1175 781 1211 842 ut
1237 775 1292 843 de-

145 885 322 947 monstrant
341 879 404 945 looi
419 878 510 944 allati
524 897 545 943 a
559 877 674 944 Petere
689 876 783 954 (Hist.
798 877 889 943 Rom.
905 876 1018 960 reliqu.
1033 896 1065 960 p.
1075 880 1135 941 135
1152 876 1226 943 adn.
1240 881 1292 955 37)

146 981 243 1048 Plinii
269 1003 300 1046 n.
317 980 348 1047 h.
362 984 417 1064 34,
434 982 474 1045 36
496 986 528 1047 et
550 982 600 1062 34,
618 979 709 1061 151),
741 979 827 1045 Liuii
849 981 879 1058 2,
894 983 945 1063 41,
964 983 1019 1043 10:
1050 972 1189 1062 ‘signum
1216 979 1292 1047 inde

145 1084 263 1150 fautum
295 1089 327 1149 et
355 1082 556 1166 inscriptum:
586 1100 650 1159 „ex
672 1081 785 1149 Cassia
811 1082 936 1148 familia
958 1072 1114 1164 datum“',
1143 1081 1293 1166 Dionysii

146 1188 175 1270 8,
189 1189 243 1251 79:
264 1180 420 1265 χαλκέους
442 1175 639 1269 ἀνδριάντας
661 1180 865 1271 ἐπιγραφαῖς
887 1181 1066 1270 δηλοῦντας
1085 1174 1146 1270 ἀφ’
1165 1175 1212 1248 ὦν
1228 1182 1294 1250 εἰσι

142 1284 320 1374 χρημάτων
343 1276 501 1368 ἆνιαρχαλ.

227 1391 261 1464 ,6.
289 1381 372 1454 ‘Lex
397 1388 619 1472 antiquissima
647 1388 748 1454 ineisa
777 1389 810 1452 in
838 1388 987 1454 columna
1007 1407 1104 1455 aerea
1125 1408 1146 1454 a
1166 1388 1203 1453 L.
1226 1388 1292 1453 Pi·

146 1492 258 1557 nario
281 1495 320 1555 et
340 1489 460 1556 Furio
483 1479 693 1572 oonsulibus,
715 1508 811 1572 quam
833 1495 1061 1557 commemorat
1082 1490 1183 1557 Venno
1205 1489 1293 1575 apud

146 1591 344 1657 Macrobium
366 1596 425 1657 sut.
444 1596 472 1674 1,
491 1593 540 1673 13,
557 1593 594 1654 21
620 1590 671 1667 (ef.
693 1611 725 1674 p.
743 1591 825 1667 174).

235 1696 262 1757 7.
286 1693 412 1760 Titulus
440 1692 616 1775 intemplo
638 1692 724 1759 Iouis
746 1691 833 1757 Fidii
854 1713 875 1759 a
896 1693 953 1777 Sp.
975 1694 1140 1760 Postumio
1164 1696 1294 1762 consule

150 1794 226 1859 anni
248 1796 310 1860 288
339 1794 475 1878 positus:
506 1794 545 1861 of.
567 1793 663 1861 Dion.
687 1796 716 1876 9,
733 1797 773 1858 69
803 1789 837 1858 ἐν
865 1792 901 1858 δὲ
928 1796 970 1880 τῇ
999 1791 1099 1860 πόλει
1125 1792 1183 1887 τὸν
1212 1792 1294 1860 νεών

148 1896 208 1960 τοῦ
234 1898 379 1961 Πιστίου
401 1892 487 1971 Διὸς
515 1892 703 1982 Σπόριος
730 1892 1003 1978 Ποστούμιος
1105 1899 1295 1981 καθιέρωσε

147 1994 250 2083 μηνὸς
275 1990 410 2064 Ἰοννίον
439 2010 515 2074 ταῖς
541 1998 759 2080 καλουμέναις
786 1996 932 2074 Νόνναις
1041 1992 1059 2063 ὃ
1082 1996 1295 2081 Ποστούμιος

149 2097 265 2183 ἔλαβεν
290 2091 391 2165 αὐτοῦ
411 2098 471 2187 τὴν
494 2097 740 2188 ἐπιγραφήν.

234 2205 263 2267 8.
283 2196 452 2270 ‘Columna
467 2252 475 2269 .
492 2252 499 2268 .
515 2252 523 2269 .
538 2203 575 2268 L.
591 2203 770 2270 Minucio
784 2203 948 2289 praefecto
960 2223 1105 2271 annonae
1121 2207 1204 2283 (ann.
1222 2207 1294 2281 315)

149 2310 242 2370 extra
261 2309 387 2386 portam
401 2305 619 2386 Trigeminam
634 2306 778 2372 unciaria
792 2307 875 2390 stipe
890 2297 1037 2373 oonlata':
1060 2307 1100 2373 of.
1116 2307 1199 2373 Pliu.
1215 2327 1245 2372 n.
1261 2305 1292 2372 h.

149 2408 200 2489 34,
222 2407 274 2469 21.

235 2510 264 2571 9.
288 2506 420 2574 Statuee
442 2508 620 2591 legatorum
641 2526 724 2588 anno
748 2509 809 2573 316
824 2514 881 2574 aut
896 2493 957 2573 328
975 2508 1219 2577 aPidenatibus
1240 2531 1295 2577 ne-

149 2615 308 2693 eatorum3
332 2609 371 2675 of.
388 2608 470 2675 Plin.
485 2630 516 2674 n.
533 2608 564 2674 h.
581 2611 631 2693 34,
648 2612 704 2674 23:
724 2602 820 2676 ‘inter
833 2610 1069 2693 antiquissimas
1094 2613 1148 2689 (so.
1164 2617 1296 2689 statuas)

150 2718 222 2780 sunt
244 2720 277 2779 et
297 2712 414 2777 Tulli
436 2710 586 2796 Oloeli‚
608 2712 644 2777 L.
667 2712 802 2795 Rosei,
829 2711 891 2797 Sp.
913 2713 1051 2795 Nunti,
1075 2712 1110 2779 0.
1131 2714 1296 2781 Fuloini

151 2814 185 2878 in
212 2814 337 2896 rostris,
368 2812 620 2880 aFidenatibus
648 2814 681 2878 in
709 2815 871 2898 legatione
900 2806 1142 2882 interfectorum'
1176 2822 1208 2882 et
1229 2815 1295 2883 Oio.

149 2913 233 2980 Phil.
250 2918 279 2998 9,
295 2918 325 2999 2,
342 2918 371 2997 5,
394 2915 450 2998 qui
464 2935 523 2998 pro
537 2914 656 2981 Nautio
671 2914 727 2998 Sp.
743 2916 873 2982 Antium
893 2918 1013 3001 profert
1028 2923 1060 2983 et
1081 2938 1101 2983 a
1116 2917 1296 2984 Veientium

151 3036 227 3102 rege
251 3037 362 3085 eaesos
384 3036 455 3084 esse
477 3017 600 3100 legatos
623 3016 710 3082 dioit.

237 3124 286 3184 10.
308 3119 360 3185 Ad
382 3119 509 3185 titulum
531 3118 636 3184 redire
659 3118 818 3202 existimo,
841 3138 923 3202 quae
945 3119 1056 3186 Liuius
1072 3122 1113 3196 (6,
1130 3124 1160 3197 5)
1182 3119 1295 3186 tradit:

147 3215 201 3287 ‘eo
218 3241 302 3288 anno
324 3224 398 3298 (366
413 3242 444 3287 u.
459 3221 499 3298 ο.)
521 3220 613 3287 aedis
634 3220 761 3304 Martis,
784 3220 909 3287 Gallico
931 3222 1017 3288 bello
1039 3226 1124 3306 uota,
1148 3221 1297 3289 dedicata

151 3329 200 3390 est
221 3343 242 3388 a
263 3323 300 3388 Τ.
324 3321 490 3400 Quintio
513 3322 680 3390 duumuiro
703 3324 802 3390 saeris
824 3316 1002 3391 faciundis'.

239 3427 288 3489 11.
321 3424 468 3509 Denique
479 3428 502 3503 ²)
530 3426 640 3492 tabula
675 3426 713 3491 Τ.
750 3423 890 3504 Quinctii
924 3425 1089 3492 dictatoris
1118 3425 1193 3490 anni
1224 3428 1295 3511 374,

183 3642 189 3654 ’
239 3627 263 3692 1)
282 3623 430 3694 Utrumque
446 3626 535 3680 locum
546 3625 674 3681 haustum
685 3640 745 3682 esse
757 3625 878 3681 existimo
891 3640 924 3680 ex
935 3625 1041 3689 Pisone,
1060 3638 1139 3692 quem
1156 3640 1296 3694 perperam

152 3710 327 3776 intellectum,
345 3714 376 3764 ut
392 3714 484 3765 monet
499 3710 589 3778 Peter,
606 3710 755 3779 posteriore
772 3709 875 3766 Plinius
891 3709 951 3765 loeo
969 3708 1071 3764 laudat.

238 3799 264 3862 2)
281 3794 384 3850 Plinius
401 3810 427 3850 n.
440 3795 467 3850 h.
481 3798 522 3859 35,
533 3798 578 3860 12:
597 3787 721 3849 ‘suorum
740 3795 856 3865 clupeos,
873 3794 968 3863 inquit,
985 3795 1014 3849 in
1031 3809 1108 3850 sacro
1126 3795 1171 3850 uel
1187 3795 1296 3864 publico

153 3879 242 3935 dicare
259 3880 385 3950 priuatim
403 3879 506 3949 pmmus
522 3876 650 3947 instituit,
673 3883 705 3933 ut
721 3881 840 3948 reperio,
858 3879 962 3948 Appius
981 3878 1121 3947 Claudius,
1140 3880 1186 3949 qui
1203 3882 1298 3935 consul

154 3978 214 4018 cum
230 3965 261 4020 P.
275 3964 388 4020 Seruilio
406 3963 460 4019 luit
476 3978 547 4018 anno
566 3963 641 4019 urbis
660 3962 814 4020 OOLVIIII.
842 3962 937 4020 Posuit
955 3965 1069 4019 enimin
1087 3965 1214 4019 Bellonae
1231 3964 1297 4019 aede

152 4047 267 4105 maiores
279 4065 343 4106 suos
362 4093 368 4106 .
383 4093 390 4106 .
404 4092 410 4107 .
431 4050 524 4120 quales
536 4048 644 4119 clupeos
656 4063 733 4106 nemo
746 4065 800 4106 non
812 4049 930 4118 gaudens
941 4050 1091 4121 tenensque
1102 4041 1216 4120 aspicit'.
1244 4048 1297 4104 Ubi
