3108 4902
449 307 491 362 Dc
508 306 586 364 lastis
605 305 792 363 consularibus
809 307 1012 377 antiquissimis.
1246 310 1305 372 195

157 469 321 561 Achilla',
348 469 492 560 Ἀχίιλα.
542 479 643 544 Porro
676 397 982 648 bauwuter
1010 498 1045 546 se
1074 481 1309 550 mnfuuduntur

154 582 283 647 litterae
298 601 320 665 p
337 587 369 647 et
382 603 408 665 r,
431 587 467 648 ut
481 582 540 649 sub
556 600 640 646 anno
656 574 741 646 528‘
892 631 901 665 ,
917 572 1111 666 Ἀρουστίου
1123 578 1308 670 pro‘rlpus-

155 672 228 765 tio’,
250 689 360 748 uatum
376 703 418 750 ex
432 678 952 768 ΑΡιΙΞΤΙΟ-ΑΡΟΥΟΤΙΟΥ;
975 705 1058 751 anno
1069 689 1132 751 403
1145 678 1305 754 ‘Roetico'

154 786 350 848 Povcccc‘ov
373 805 432 869 pro
453 776 603 871 ‘Petico',
627 790 809 869 corruptum
825 804 866 852 ex
882 782 1308 867 ΡΕΤΙΟΟ-ΡΘΤΙΚΟΥ,

153 886 249 951 Αιιιιο
274 888 336 950 344
362 877 534 969 ‘Rustico',
558 889 753 951 Povcccxtcv
775 906 834 970 pro
854 878 988 954 ‘Potito’
1014 889 1060 954 ita
1080 888 1208 957 uidetur
1237 911 1308 959 esse

154 996 269 1074 ortum,
292 995 328 1055 ut
342 990 503 1072 antiquior
517 991 655 1056 nominis
670 990 772 1056 forma
787 985 983 1052 PVTlTVS
1006 992 1057 1069 (cf.
1074 991 1146 1058 fast.
1162 994 1219 1058 fer.
1234 994 1307 1061 Lat.

154 1111 244 1157 anno
255 1093 317 1154 305
334 1090 369 1157 O.
381 1090 406 1154 Ι.
417 1090 454 1155 L.
469 1089 523 1155 VI.
539 1093 642 1173 2011;
664 1090 845 1157 Mommsen
859 1090 954 1153 Rom.
970 1089 1102 1157 Forscb.
1118 1093 1160 1177 Π,
1183 1114 1214 1176 p.
1233 1093 1307 1178 100)

156 1192 281 1258 Graece
309 1210 480 1275 perperam
508 1193 550 1258 sit
568 1194 689 1277 scripta
716 1193 824 1260 littera
846 1190 868 1252 Ρ
891 1199 925 1260 et
945 1192 1022 1259 inde
1044 1195 1245 1261 notissimum
1267 1197 1309 1262 sit

153 1299 283 1360 enatum
306 1313 483 1377 cognomen
503 1293 636 1361 Rustici.

239 1397 323 1461 Tum
353 1396 492 1479 egregie,
522 1396 672 1461 Latinum
699 1397 799 1463 fuisse
826 1398 965 1481 primum
996 1387 1165 1465 fastorum
1179 1398 1308 1464 illorum

152 1498 276 1563 iontem
287 1496 325 1578 ¹),
356 1496 569 1580 demonstrat,
601 1496 687 1579 quod
708 1497 826 1580 legitur
853 1500 912 1566 eub
935 1520 1019 1566 anno
1042 1504 1101 1565 561
1125 1520 1243 1567 nomen
1262 1493 1309 1566 ‘et

74 1633 82 1652 ι
153 1588 302 1679 Hermo',
330 1598 387 1661 καὶ
401 1588 533 1682 Ἕρμου,
556 1618 631 1663 nam
652 1599 714 1665 uisi
737 1599 852 1666 Latine
872 1621 937 1667 non
959 1603 1151 1669 exorabatur
1172 1613 1307 1686 utraque

154 1694 276 1780 littera,
305 1704 338 1764 et
359 1695 389 1758 Τ
413 1704 445 1765 et
468 1697 503 1763 Η.
553 1698 687 1782 Isrepsit
708 1705 817 1765 autern
839 1721 927 1767 error
949 1704 1004 1786 ita,
1033 1709 1068 1768 ut
1091 1722 1132 1768 ex
1153 1705 1307 1788 primario

152 1792 425 1864 ‘ETTHERMO’
450 1802 554 1868 altera
574 1802 682 1868 littera
702 1800 733 1862 Τ
756 1803 921 1869 excideret
941 1811 1015 1887 post
1036 1806 1181 1888 alteram,
1203 1806 1308 1873 fieret·

154 1920 217 1985 que
241 1899 462 1987 ΕΤΗΕΒΜΟ,
491 1902 579 1986 quod
608 1904 682 1970 fasti
711 1906 830 1971 seruati
858 1903 998 1971 reddunt
1015 1898 1062 1972 ‘et
1083 1893 1231 1989 Hermo',
1252 1908 1308 1971 καὶ

144 1994 281 2089 Ἕρμου.
1274 2055 1277 2061 .

238 2106 354 2189 Neque
382 2112 490 2172 tamen
518 2126 561 2173 ex
589 2107 661 2192 ipso
683 2106 746 2174 hoc
767 2107 883 2174 Latino
905 2108 993 2175 fonte
1016 2110 1213 2194 exscriptum
1236 2130 1307 2178 esse

153 2209 329 2293 Graecum,
360 2206 446 2274 unde
468 2209 605 2293 profecti
633 2214 707 2276 sunt
728 2207 851 2277 idatius
879 2215 912 2276 et
933 2210 1093 2277 Paschale
1115 2210 1306 2294 chronicon,

152 2311 342 2378 laterculum
365 2311 430 2374 iam
452 2311 577 2392 monui,
604 2329 680 2375 nam
703 2310 811 2394 plures
833 2312 1033 2379 intercedere
1055 2311 1180 2380 medios
1202 2314 1307 2381 sontes

153 2432 195 2478 ea
216 2411 419 2495 potissimum
441 2409 596 2476 decanea
617 2411 752 2492 conicio,
775 2412 861 2493 quod
883 2415 959 2478 anui
975 2417 1037 2478 498
1059 2417 1250 2500 corruptela,
1273 2421 1308 2482 ut

152 2534 252 2599 supra
274 2513 420 2596 exposui,
447 2511 510 2578 uisi
533 2510 749 2594 compluribus
771 2511 911 2578 fontibus
935 2516 1093 2580 continuis
1115 2517 1229 2598 positis
1252 2535 1306 2582 ex-

154 2616 272 2700 plicari
301 2634 365 2680 non
387 2619 502 2698 potest.
547 2610 634 2690 Quot
655 2618 762 2678 autem
786 2618 818 2679 et
840 2614 952 2697 quales
980 2615 1029 2680 illi
1051 2616 1168 2682 luerint
1192 2616 1306 2700 fontes,

154 2717 304 2784 euincere
325 2715 503 2798 nequimus.

241 2815 338 2883 Haud
367 2817 465 2900 igitur
486 2814 650 2882 adsentior
671 2815 869 2884 Mommseno
892 2817 1011 2884 dicenti
1033 2818 1133 2886 fastos
1156 2819 1307 2887 Chronici

155 2919 323 2986 Paschalis
345 2919 434 3001 ipsos
457 2936 528 2984 esse
549 2916 714 2984 Idatianos
729 2916 844 2985 Latine
865 2917 1019 2986 redditos.
1062 2921 1178 3005 Neque
1200 2924 1305 3005 magis

241 3123 265 3185 1)
283 3118 413 3173 Latinum
424 3116 529 3171 iontem
540 3115 661 3171 Brbcker
673 3130 780 3184 quoque
797 3115 826 3183 (l.
836 3115 854 3171 l.
872 3117 1091 3186 peccaretur,
1109 3119 1228 3174 seduno
1246 3124 1306 3175 tan·

151 3208 210 3260 tum
223 3218 308 3271 eoque
320 3203 467 3257 sanissimo
479 3217 546 3256 usus
557 3202 725 3269 argumento.
751 3199 864 3255 Falsum
881 3201 952 3255 enim
970 3202 1042 3271 quod
1058 3202 1157 3271 legitur
1172 3218 1243 3259 anno
1257 3209 1304 3260 271

152 3302 302 3356 cognomen
310 3281 453 3342 ‘Tertullo'
465 3301 515 3356 pro
523 3279 602 3340 ‘Iulo'
620 3285 683 3339 inde
697 3289 786 3340 ortum
798 3300 857 3341 esse
869 3285 943 3353 dicit,
961 3287 1034 3357 quod
1052 3303 1122 3344 anno
1134 3289 1307 3358 praecedenti

158 3367 278 3429 tertium'
294 3370 347 3425 fuit
360 3374 455 3427 consul
467 3371 501 3447 Κ.
513 3370 617 3426 Fabius
629 3369 790 3426 Vibulanus.
817 3370 900 3426 ouius
918 3370 1085 3442 adscriptum
1101 3373 1187 3428 fuisse
1204 3375 1307 3430 nomini

151 3454 246 3514 notam
257 3449 351 3522 ‘tert.’,
368 3472 422 3524 qua
438 3472 580 3526 perperam
592 3456 740 3512 coniuncta
754 3471 772 3511 a
789 3457 879 3512 scriba
897 3473 958 3511 cum
974 3458 1132 3526 cognomine
1144 3452 1225 3514 ‘Iulo'
1242 3476 1306 3530 pro·

152 3543 236 3599 diisse
250 3533 402 3596 ‘Tertullo’.
437 3540 516 3610 Quod
533 3557 614 3612 quam
632 3542 668 3597 sit
688 3541 779 3597 futtile
801 3542 882 3597 facile
902 3542 1080 3612 intellegitur;
1104 3557 1167 3597 nam
1190 3544 1307 3612 primum

154 3628 263 3683 omnino
281 3642 337 3682 non
354 3627 493 3695 praecedit
504 3627 607 3682 Fabius
618 3626 723 3682 nomini
738 3626 799 3694 iuli,
817 3626 865 3682 sed
882 3628 986 3684 medius
1002 3628 1178 3696 interpositus
1197 3633 1240 3684 est
1250 3630 1306 3686 Va-

152 3713 236 3769 lerius
249 3711 359 3780 consu13
378 3716 436 3765 tum
446 3711 654 3780 magistratuum
665 3712 842 3782 repetiturum
858 3716 941 3768 notae
957 3727 991 3766 ne
1008 3713 1091 3767 semel
1109 3713 1215 3782 quidem
1233 3716 1306 3784 apud

152 3797 270 3852 Idatium
282 3795 381 3861 uerbis,
399 3795 447 3850 sed
458 3797 576 3851 numeris
589 3795 789 3865 significantur3
808 3800 837 3852 et
852 3801 990 3866 postremo
1007 3796 1088 3852 facile
1104 3802 1136 3852 ut
1152 3815 1202 3868 pro
1219 3799 1305 3857 inusi-

152 3885 210 3938 tato
229 3881 387 3951 cognomine
400 3873 480 3935 ‘Iulo'
498 3880 668 3935 notissimum
680 3873 816 3936 ‘Tertulli’
834 3882 998 3937 scriberetur
1019 3882 1109 3952 potuit
1130 3883 1201 3951 fieri,
1224 3899 1305 3956 prae-

151 3967 246 4023 sertim
263 3982 325 4022 cum
348 3980 430 4036 saepe
446 3981 496 4034 pro
514 3965 574 4021 Iulo
593 3969 621 4020 ct
637 3966 707 4022 Iulio
730 3965 876 4021 exhibeant
892 3966 1002 4022 Tullum
1018 3972 1046 4022 et
1063 3967 1182 4024 Tullium
1198 3970 1305 4027 Idatius

151 4054 237 4119 (roe),
255 4051 408 4107 chronicon
425 4050 559 4106 Paschae
576 4053 645 4118 (nce,
664 4055 736 4118 erq,
753 4050 849 4107 Limus
867 4054 936 4119 (ara,
949 4055 1008 4120 ceo,
1021 4056 1079 4120 erc,
1094 4058 1151 4122 349,
1164 4059 1223 4124 eea,
1235 4058 1305 4122 ees).
