3108 4902
413 318 455 371 De
471 315 549 372 lastis
566 313 753 371 consularibus
771 313 972 384 antiquissimis.
1201 315 1263 377 221

122 490 348 576 probabilitate
362 490 459 555 statui
473 492 600 574 putaret
612 488 643 570 ¹),
666 492 761 570 atque
776 486 838 554 hac
852 488 975 553 ratione
996 508 1145 572 magnam
1167 490 1265 557 laste·

122 613 192 659 rum
213 593 246 656 11
268 591 509 675 cognominibus
532 588 780 673 discrepantiam
802 594 903 654 ortam
926 607 997 655 esse
1019 610 1143 657 censeo.

206 693 324 761 Contra
352 695 385 759 11
412 692 671 777 praenominibus
681 694 705 769 2)
733 691 978 774 nominibusque
1005 694 1176 775 gentilibus
1197 694 1265 761 fere

120 820 184 867 uon
205 798 405 879 dissentiunt,
431 816 502 861 cum
527 795 761 862 continerentur
782 794 829 861 eis
850 793 958 878 prisci,
980 812 1022 859 ex
1044 795 1159 876 quibus
1180 802 1263 863 utra-

121 921 183 985 que
204 899 296 966 fluxit
316 898 470 982 recensio,
493 898 576 964 fasti.

205 1001 281 1080 Qua,
301 1001 425 1066 ratione
453 999 516 1065 sint
543 1000 593 1064 111
620 998 654 1063 11
676 996 834 1081 eligendis
859 997 1116 1081 cognominibus,
1146 1000 1265 1082 optime

121 1105 322 1187 cognoscitur
344 1102 377 1165 in
392 1101 439 1166 eis
454 1101 613 1183 gentibus,
636 1118 729 1183 qnae,
751 1099 907 1182 patriciae
923 1118 994 1165 cum
1010 1099 1211 1165 inueniuntur
1231 1102 1265 1166 in

118 1206 210 1272 fastis
225 1203 465 1286 antiquissimae
480 1203 605 1286 aetatis,
628 1220 704 1267 mox
719 1206 792 1267 sunt
813 1202 1000 1283 exstinctae,
1021 1201 1138 1284 quibus
1160 1208 1266 1268 111111

118 1307 325 1391 cognomines
340 1305 480 1370 familiae
494 1303 644 1388 plebeiae
667 1338 705 1347 -
729 1302 817 1368 nullo
834 1303 1034 1385 cognationis
1049 1300 1177 1369 uinculo
1193 1323 1265 1370 cum

116 1408 233 1491 priscis
244 1406 391 1490 gentibus
404 1407 593 1473 coniunctae
601 1406 802 1470 -extremis
814 1404 936 1470 liberae
947 1406 1144 1490 reipublicae
1154 1407 1265 1489 uigent

117 1508 325 1594 temporibus.
364 1509 429 1575 Ubi
445 1527 517 1574 cum
532 1526 636 1590 neque
660 1512 823 1573 exstarent
844 1512 1013 1573 stemmata
1033 1528 1138 1591 neque
1160 1509 1265 1576 111111-

116 1616 228 1676 rentur
250 1610 452 1693 cognomina,
475 1608 618 1692 patriciis
640 1608 705 1673 11111
727 1608 909 1674 consulibus
932 1627 971 1674 ea
992 1609 1141 1676 uidentur
1163 1611 1266 1677 indita

117 1730 190 1777 esse
213 1712 412 1795 cognomina,
435 1729 518 1793 quae
533 1709 687 1793 gerebant
706 1707 820 1774 codem
842 1710 969 1775 nomine
991 1712 1103 1793 gentili
1125 1710 1265 1780 fruentes
1361 1761 1364 1768 .

117 1811 266 1880 homines
287 1812 408 1896 plebeii
430 1812 516 1878 111111
539 1812 670 1894 aetatis,
694 1830 757 1894 qua
779 1815 853 1876 sunt
874 1811 1014 1894 suppleti
1035 1812 1119 1878 fasti.
1163 1814 1208 1882 Ut
1228 1815 1264 1878 P.

116 1916 278 1983 Curiatius
300 1914 411 1982 consul
433 1915 508 1980 anni
524 1915 583 1977 301
607 1913 790 1998 appellatur
804 1913 1007 1996 Trigeminus
1028 1915 1063 1979 11
1079 1916 1266 1983 recensione

116 2017 297 2102 Diodorea,
326 2016 414 2100 quod
442 2035 617 2101 cognomen
642 2016 678 2080 11
699 2015 830 2099 plebeia
850 2015 974 2081 familia
996 2014 1139 2082 Curiatia
1158 2015 1266 2084 floruit

116 2120 246 2186 saeculo
268 2120 356 2186 urbis
385 2117 533 2184 conditae
556 2119 691 2201 septimo
718 2123 750 2183 et
772 2118 924 2202 seriptum
946 2124 1052 2185 exstat
1074 2119 1106 2184 11
1128 2122 1265 2188 nummis

115 2220 212 2287 huius
234 2221 358 2286 aetatis.
396 2221 479 2285 Tum
501 2219 557 2304 Sp.
573 2218 713 2305 Oppium
735 2217 951 2285 decemuirum
972 2221 1048 2286 anni
1072 2223 1133 2284 304
1155 2220 1265 2288 Corni-

114 2325 222 2388 cinem
235 2320 314 2386 dicit
328 2321 439 2386 Liuius
461 2323 504 2403 (3,
521 2324 584 2403 55),
607 2340 670 2404 quo
685 2321 855 2386 utebantur
869 2323 1058 2405 cognomine
1072 2321 1171 2407 Oppii
1186 2329 1264 2389 tem-

113 2424 248 2508 poribus
271 2422 450 2488 Ciceronis:
473 2421 513 2486 11.
529 2420 595 2487 Cic.
611 2421 654 2487 ad
668 2422 733 2485 Att.
750 2425 780 2503 4,
796 2423 826 2503 2,
842 2426 871 2485 4.

202 2525 326 2592 Eadem
346 2525 471 2589 ratione
485 2522 632 2588 Aebutiis
653 2521 797 2605 patriciis
820 2541 994 2604 cognomen
1015 2524 1117 2589 Eluae
1138 2524 1265 2591 uidetur

114 2627 314 2711 adscriptum
338 2645 409 2693 esse
432 2645 473 2692 ex
500 2624 542 2689 Μ.
565 2624 704 2691 Aebutio
726 2624 809 2690 11111
829 2629 977 2707 praetore
998 2625 1074 2690 suni
1097 2626 1159 2690 586
1182 2627 1263 2705 (Liu.

113 2733 253 2813 4111).

201 2830 374 2914 Egregium
389 2830 457 2894 1111
472 2830 519 2894 111
535 2829 719 2914 exemplum
738 2827 893 2895 exhibent
907 2829 1033 2913 (lloelii,
1056 2831 1145 2898 cuius
1160 2832 1264 2914 gentis

113 2951 225 3017 regem
249 2929 462 2998 sacrificulum
484 2964 523 2973 -—
547 2931 716 3013 patricium
737 2931 805 2996 scil.
829 2965 870 2974 —
893 2929 973 2997 dicit
987 2931 1097 2998 Liuius
1125 2935 1188 3014 (40,
1212 2934 1266 3008 42)

109 3028 162 3100 Ῥ.
187 3033 344 3100 Cloelium
365 3021 521 3098 Siculum'
547 3052 630 3098 anno
654 3035 716 3095 574
742 3033 964 3114 inauguratum
986 3036 1082 3114 atque
1104 3030 1264 3098 flaminem

108 3131 162 3203 ‘P.
180 3136 339 3202 Cloelium
361 3124 514 3201 Siculum'
534 3134 682 3199 Valerius
704 3134 864 3199 Maximus
886 3136 928 3216 (1,
946 3137 973 3217 1,
989 3138 1032 3208 4).
1075 3135 1127 3199 Ex
1148 3134 1264 3217 quibus

111 3240 191 3305 illes
213 3256 340 3320 quoque
359 3227 510 3303 ‘Siculos'
534 3242 612 3320 puto
642 3255 713 3302 esse
742 3234 844 3301 dictos
867 3235 1017 3319 Cloelios,
1040 3237 1095 3320 qui
1117 3236 1263 3303 consules

111 3346 172 3407 aut
187 3339 304 3405 tribuni
320 3341 502 3406 consulares
517 3339 666 3422 leguntur
680 3338 771 3404 annis
783 3339 855 3422 256,
872 3340 943 3422 310,
961 3340 1031 3403 376.
1059 3338 1144 3404 Nam
1159 3339 1264 3423 ipsum

204 3559 228 3622 1)
245 3554 283 3610 Ut
300 3554 333 3611 T.
351 3555 506 3623 Quinctium
523 3553 661 3610 consulem
678 3556 742 3609 anni
759 3558 808 3609 323
833 3555 861 3609 in
879 3553 1025 3609 eliciente
1047 3554 1152 3608 inuenit
1168 3553 1264 3609 Liuius

111 3646 149 3707 14,
162 3644 206 3708 26)
224 3639 439 3708 cognominatum
457 3640 654 3703 Cincinnatum,
672 3639 700 3694 iu
717 3640 772 3695 alio
789 3639 910 3695 Poenum
928 3639 961 3694 cl.
980 3655 1007 3708 p.
1018 3643 1066 3693 205
1085 3639 1147 3694 adn.
1159 3644 1182 3695 1.

204 3730 230 3791 2)
247 3724 325 3795 Quod
341 3725 518 3793 praenomina
536 3738 730 3792 nonnunquam
750 3724 878 3792 leguntur
894 3724 949 3779 alia
965 3723 994 3778 in
1011 3724 1070 3779 aliis
1092 3724 1185 3790 fastis,
1208 3739 1263 3779 non

112 3813 150 3867 ad
169 3812 303 3868 diuersam
320 3809 392 3863 redit
408 3809 576 3875 memoriam,
598 3807 646 3862 sed
664 3809 726 3863 inde
743 3810 901 3879 plerumque
917 3815 959 3864 est
976 3813 1079 3874 ortum,
1097 3810 1169 3878 quod
1185 3825 1262 3880 prae-

111 3895 226 3952 nomina
243 3893 354 3964 singulis
372 3898 478 3947 tantum
495 3892 592 3947 litteris
609 3892 810 3958 scribebantur,
828 3908 896 3961 quae
912 3893 1039 3948 facillime
1060 3900 1186 3963 poterant
1203 3909 1263 3949 cor·

112 3981 214 4049 rumpi.
244 3980 290 4034 Sic
307 3993 389 4047 saepe
406 3979 477 4032 inter
493 3992 523 4032 se
541 3976 742 4033 confunduntur
757 3979 933 4046 praenomina
949 3978 1060 4035 Murcus
1078 3979 1186 4035 Manius
1203 3979 1263 4034 Ma·

111 4079 232 4131 merens,
251 4065 339 4121 Gneus
357 4065 438 4119 (laius
455 4063 556 4131 Kaeso,
575 4062 684 4118 Seruius
702 4063 815 4133 Spurius
833 4063 940 4132 Sextus,
957 4064 1036 4120 Titus
1048 4064 1183 4131 Tiberius,
1199 4062 1261 4119 alia.

1008 4152 1059 4204 15*
