3108 4902
443 322 485 377 De
503 320 580 377 lastis
598 319 788 377 consularibus
806 320 1007 392 antiquisslmis.
1236 324 1295 385 175

152 516 227 563 eum
248 515 363 561 annum
386 494 508 561 nullum
530 494 709 561 inueniatur
726 495 909 579 exemplum
930 496 1092 562 nominum
1116 516 1223 564 eorum
1246 497 1296 564 lit·

152 604 222 664 tera
240 586 281 663 ‘s'
304 598 501 681 scriptorum.
539 597 589 661 Ex
607 595 770 663 Ciceronis
792 601 900 663 autem
922 597 1028 664 uerbis
1051 600 1297 682 suprascriptis

151 701 214 765 iam
237 705 311 766 ante
333 718 450 766 annum
473 703 535 761 414
564 699 677 766 litteris
705 698 856 765 mandata
883 699 1117 783 1111111111
1140 720 1182 767 ex
1203 700 1297 768 Liuio

150 802 243 868 attuli
264 802 394 868 nomina
416 803 567 884 sequitur.

236 903 350 971 Fidem
373 906 470 987 igitur
492 905 667 971 attribuens
689 903 836 971 Ciceroni
863 905 954 987 testi,
983 905 1082 971 fastos
1105 906 1296 991 consulares,

150 1027 230 1091 quos
253 1008 430 1073 Mommsen
452 1025 578 1089 quoque
606 1005 710 1084 (Rom.
732 1004 862 1068 Forscb.
885 1006 900 1070 Ι
921 1028 952 1090 p.
969 1009 1022 1084 57)
1049 1005 1125 1073 inde
1146 1027 1167 1072 a
1189 1008 1298 1091 quinto

149 1110 217 1194 fere
233 1110 363 1176 saeculo
378 1127 436 1191 per
451 1108 593 1192 singulos
608 1127 708 1175 annos
730 1110 763 1174 in
784 1108 883 1175 libros
906 1107 984 1175 dicit
1007 1127 1077 1176 esse
1099 1109 1227 1192 relatos,
1249 1129 1298 1176 re·

149 1231 228 1278 uera
249 1209 293 1278 ad
315 1230 386 1277 eam
407 1217 484 1293 puto
505 1210 611 1277 redire
633 1215 787 1294 aetatem,
818 1229 882 1294 qua
909 1210 1049 1277 nondum
1077 1212 1110 1276 in
1135 1230 1227 1278 usum
1253 1211 1298 1277 lo-

150 1313 271 1397 quendi
294 1319 362 1379 erat
385 1318 531 1396 receptus
553 1311 774 1381 rhotaoismus.

235 1416 332 1480 Nullo
362 1420 468 1481 tamen
495 1414 592 1481 modo
621 1416 769 1481 assentiri
797 1435 928 1500 possum
955 1415 1109 1499 Iordano,
1141 1417 1196 1500 qui
1225 1415 1299 1481 libri

147 1511 325 1584 ‘Kritische
343 1517 495 1600 Beitr'tge
517 1536 573 1582 zur
587 1515 781 1583 Geschichto
802 1516 860 1583 der
881 1518 936 1584 lat.
954 1509 1110 1602 Sprache'
1136 1538 1167 1603 p.
1183 1522 1243 1583 104
1251 1537 1298 1601 sq.
1331 1552 1332 1561 1

150 1620 282 1687 nomina
301 1610 504 1702 ‘Papirium',
524 1608 727 1701 ‘Veturium',
747 1611 917 1704 ‘Furium',
938 1610 1126 1686 ‘Valerium'
1148 1640 1298 1705 unquam,

151 1724 259 1787 littera
278 1710 318 1785 ‘s'
344 1721 479 1804 scripta,
508 1720 542 1784 in
563 1739 623 1786 usu
645 1719 744 1786 fuisse
764 1725 862 1802 negat
889 1725 986 1803 atque
1007 1721 1146 1804 Papisii,
1177 1722 1299 1789 Vetusii

152 1843 180 1889 1.
204 1843 230 1889 1.
253 1823 372 1889 formas
400 1822 441 1888 ab
472 1823 587 1888 aetatis
608 1820 760 1889 Sullanae
789 1821 971 1889 hominibus
998 1823 1214 1906 grammaticis
1241 1843 1299 1907 per

151 1925 287 1991 aliorum
309 1924 538 1991 uocabulorum
565 1924 748 2007 analogiam
770 1929 914 1990 autumat
943 1942 1013 1990 1111
1043 1924 1240 2008 excogitatas
1269 1929 1300 1990 et

150 2046 252 2112 usque
273 2026 315 2093 ad
332 2028 393 2112 Ap.
410 2026 579 2094 Claudium
598 2025 747 2109 Caecum,
769 2046 933 2094 censorem
954 2028 1030 2092 anni
1046 2029 1117 2110 442,
1139 2026 1230 2093 fastis
1253 2026 1299 2092 in-

151 2135 261 2195 sertas.
305 2128 425 2194 Nititur
447 2134 554 2195 autem
576 2129 647 2195 looo
669 2129 839 2211 Pomponii
870 2127 945 2211 (dig.
965 2132 992 2211 1,
1009 2131 1038 2212 2,
1055 2131 1084 2212 2,
1101 2129 1169 2206 3bl:
1199 2122 1300 2195 ‘idem

151 2232 212 2316 Ap.
230 2229 382 2296 Claudius
404 2252 423 2292 r
444 2231 583 2297 litteram
605 2231 736 2312 inuenit,
758 2236 792 2296 ut
813 2250 872 2315 pro
887 2230 1025 2298 Valesiis
1040 2232 1161 2297 Valerii
1184 2237 1298 2314 essent,

151 2352 210 2416 pro
225 2332 331 2398 Fusiis
346 2322 462 2396 Furii'.
500 2331 591 2410 Quae
613 2339 718 2398 tamen
741 2332 923 2416 discrepant
944 2353 1016 2399 oum
1034 2332 1203 2417 Cicerone,
1225 2354 1300 2399 nam

151 2434 347 2518 Pomponius
369 2453 453 2498 anno
476 2437 553 2516 442,
579 2433 691 2500 Cicero
715 2439 1010 2500 111111111414
1033 2441 1194 2520 receptam
1216 2435 1299 2502 litte·

151 2557 219 2603 ram
240 2555 260 2596 r
282 2536 315 2600 in
336 2535 517 2602 nominibus
540 2535 713 2619 gentiliciis
743 2539 891 2617 testatur,
919 2553 1023 2617 neque
1045 2537 1142 2618 igitur
1166 2541 1299 2618 uterque

151 2638 195 2705 ad
217 2636 369 2722 eundem,
399 2657 494 2720 quem
516 2638 606 2722 ponit
628 2635 761 2720 Iordan,
791 2637 912 2703 fontem
936 2637 1179 2719 grammaticum
1206 2636 1299 2703 redit.

151 2740 252 2806 Immo
278 2746 310 2806 11
331 2739 432 2824 ipsius
454 2739 624 2823 Pomponii
653 2739 843 2805 sententiam
871 2737 985 2804 eadem
1012 2739 1205 2822 rectissima,
1237 2758 1300 2821 qua

153 2841 324 2925 Ciceronis,
348 2842 571 2908 obseruatione
593 2840 701 2908 iudico
724 2860 795 2908 1111
817 2846 926 2908 ortam.
964 2840 1044 2908 Cum
1060 2843 1145 2907 enim
1167 2862 1231 2908 non
1253 2842 1299 2907 11-

151 2945 321 3011 ueniantur
335 2945 368 3009 in
383 2944 474 3010 fastis
488 2944 577 3009 Furii
595 2949 669 3026 post
684 2942 719 3007 L.
735 2942 915 3026 Camillum,
939 2942 1126 3009 dictatorem
1142 2946 1204 3008 409
1227 2963 1300 3010 oon·

152 3046 254 3113 sulem
277 3049 338 3111 416
361 3047 492 3128 11429,
521 3050 553 3111 et
575 3052 648 3111 ante
671 3043 706 3110 C.
726 3045 855 3110 Furium
875 3045 1021 3110 Pacilum
1043 3046 1204 3110 consulem
1227 3047 1299 3128 503,

153 3150 186 3214 in
214 3148 446 3231 antiquioribus
474 3147 564 3213 lastis
586 3146 740 3214 Camillus
763 3145 893 3229 quidem
915 3152 1017 3211 —ut
1044 3146 1163 3212 factum
1192 3151 1240 3212 est
1267 3146 1300 3210 in

152 3250 292 3333 Papiriis
309 3284 349 3295 —
363 3240 518 3333 ‘Fusius',
540 3250 669 3316 Pacilus
689 3255 795 3313 autem
817 3249 882 3313 iam
901 3238 1042 3314 ‘Furius'
1060 3246 1187 3313 uidetur
1203 3248 1301 3314 luisse

153 3354 300 3436 scriptus,
322 3358 418 3436 atque
439 3354 501 3437 Ap.
518 3351 652 3419 Claudio
673 3350 789 3434 Caeco,
813 3351 902 3418 cuius
925 3349 1032 3416 media
1054 3351 1205 3416 intererat
1228 3369 1299 3416 oen-

59 3511 68 3519 .
153 3476 243 3538 sura,
275 3460 309 3519 ut
337 3455 436 3521 multa
463 3456 529 3522 alia
557 3457 603 3522 sio
628 3455 754 3520 litterae
775 3476 795 3515 r
817 3472 943 3537 quoque
973 3453 1189 3518 inuentionem
1217 3451 1299 3518 falso
1334 3524 1336 3529 ,

154 3559 339 3624 tribuerunt.
387 3555 458 3634 Qua
488 3560 611 3623 ratione
640 3556 809 3639 Pomponii
843 3555 950 3621 uerbis
982 3553 1065 3620 adeo
1099 3552 1300 3620 confirmatur

154 3660 318 3727 Ciceronis
334 3660 558 3726 testimonium.
593 3658 686 3737 Quod
702 3658 840 3741 denique
855 3655 972 3722 Iordan
989 3657 1107 3722 formas
1120 3648 1296 3723 ‘Vetusius'

156 3768 186 3828 11
210 3751 385 3846 ‘Papisius’
412 3781 450 3828 ea
472 3760 513 3828 de
537 3781 635 3828 causa
656 3760 769 3840 abicit,
796 3761 872 3842 quia
894 3760 927 3823 in
949 3758 1087 3823 tribuum
1108 3758 1299 3842 nominibus,

156 3883 238 3946 quae
260 3883 389 3931 seruare
412 3864 536 3930 soleant
557 3863 674 3946 prioris
695 3863 810 3928 aetatis
833 3860 1036 3944 scripturam,
1059 3881 1122 3926 non
1143 3865 1299 3944 apparent

156 3965 217 4031 nisi
238 3956 384 4049 Papiria'
412 3970 443 4032 et
462 3954 637 4048 ‘Voturia',
660 3962 748 4029 haud
769 3964 856 4029 ualet
878 3964 1029 4046 multum,
1051 3983 1125 4029 uam
1147 3983 1223 4030 usus
1245 3963 1299 4026 tri·

157 4066 232 4132 bum
247 4068 427 4155 nominibus
443 4064 646 4134 adscribendi
663 4067 709 4133 eis
725 4065 852 4132 demum
874 4065 1051 4133 insueuisse
1073 4063 1200 4130 uidetur
1221 4068 1299 4129 tem·
