3108 4902
402 340 444 396 De
460 342 538 397 fastis
557 343 745 399 consularibus
761 342 963 414 antiquissimis.
1197 349 1257 410 235

17 504 19 559 ἕ
112 515 269 598 consules,
297 519 330 581 et
358 515 494 581 alterum
522 514 652 597 quidem
674 514 857 599 suffectum,
884 537 957 585 cum
986 524 1049 586 tres
1080 520 1258 589 ordinarios

17 632 19 699 ξ
111 637 175 683 uon
196 621 304 700 posset
325 615 430 685 edere.

197 719 247 784 llx
261 719 376 802 quibus
399 724 519 802 quanta
533 719 575 784 sit
589 718 789 786 aestimanda
804 739 913 786 eorum
928 723 1159 809 cognominum,
1174 744 1258 808 quae

112 821 146 888 iu
168 821 258 888 fastis
278 821 415 905 legimus
431 819 630 905 Capitolinis,
651 820 732 888 fides
754 822 840 888 clare
863 823 975 889 elucet.
1024 824 1171 893 Profecto
1193 848 1258 893 non

112 920 229 1005 dignae
244 928 317 989 sunt
328 941 393 1005 qua
407 921 514 988 adhuc
527 920 684 988 florebant
698 924 886 991 auctoritate
901 924 1031 990 tabulae
1046 924 1257 1013 Capitolinae,

17 1020 18 1025 ’
112 1041 215 1106 neque
237 1025 323 1090 enim
345 1024 508 1107 propriam
534 1024 754 1107 integramque
781 1025 934 1092 fastorum
963 1026 1119 1110 praebent
1149 1047 1257 1095 recen·

110 1125 243 1208 sienem,
266 1125 325 1192 sed
347 1124 427 1192 duas
450 1127 530 1193 alias
552 1127 640 1210 ipsas
662 1128 728 1192 iam
742 1133 852 1194 auctas
872 1133 904 1193 et
925 1128 1090 1211 suppletas
1113 1130 1257 1196 miscent,

111 1226 175 1294 Ubi
196 1228 294 1312 igitur
317 1246 376 1294 eae
398 1233 471 1295 sunt
492 1234 638 1296 seruatae
656 1229 868 1312 recensiones,
891 1229 970 1313 ipsis
992 1230 1099 1313 potius
1121 1236 1257 1316 utemur,

17 1366 19 1377 ι
109 1346 207 1410 quam
229 1327 375 1395 deriuata
398 1349 439 1396 ex
462 1331 508 1397 eis
530 1330 720 1415 Capitolina.
764 1331 828 1398 Ubi
858 1350 935 1397 uero
958 1330 1180 1400 desiderantur
1202 1340 1258 1399 aut

17 1428 18 1499 ἰ
110 1429 246 1496 Diodori
268 1435 324 1495 aut
345 1430 442 1496 idatii
455 1432 540 1513 fasti,
563 1451 645 1513 quae
660 1431 748 1515 apud
769 1452 825 1498 ecs
847 1432 964 1499 fuerint
987 1436 1180 1518 cognomina
1201 1454 1257 1501 ex·
1306 1512 1308 1515 ,

109 1530 224 1613 hibita,
248 1551 441 1615 cognoscere
455 1534 631 1616 poterimus
654 1553 695 1598 ex
710 1535 919 1601 marmoribus
934 1534 1134 1619 Capitolinis.
1172 1536 1257 1615 Cno-
1323 1556 1325 1559 ’

109 1634 172 1699 ties
200 1634 284 1699 enim
313 1635 347 1699 in
376 1636 423 1701 eis
453 1636 579 1717 singula
611 1640 733 1700 tantum
765 1642 838 1701 sunt
865 1637 1028 1721 adscripta
1056 1640 1257 1722 cognomina,

109 1732 228 1801 eadem
250 1737 346 1801 etiam
369 1737 403 1801 in
423 1741 558 1820 unaque
573 1737 680 1820 priore
705 1738 889 1803 recensione
911 1739 1108 1822 legebantur,
1132 1742 1258 1822 quoties
1360 1732 1363 1737 ’

107 1836 217 1902 autem
239 1839 401 1920 geminata
423 1843 550 1904 exstant
570 1839 604 1903 in
625 1839 811 1905 recensione
833 1838 1024 1922 Capitolina,
1047 1840 1122 1906 fasti
1144 1841 1258 1925 deper-

108 1937 170 2005 diti
192 1938 273 2005 illud
296 1959 472 2027 cofflomen
488 1939 638 2007 habuisse
658 1946 731 2007 sunt
751 1941 895 2025 putandi,
919 1941 1005 2024 quod
1019 1961 1083 2008 non
1098 1942 1258 2008 inuenitur

110 2041 144 2105 in
166 2060 206 2107 ea
227 2061 322 2125 quam
345 2041 498 2109 habemus
519 2043 715 2109 recensione.

194 2145 264 2209 Iam
285 2143 450 2212 affinitatis
472 2164 598 2228 queque
619 2150 775 2228 apparent
797 2164 925 2228 causac,
947 2165 1043 2228 quam
1057 2145 1256 2224 intercedere
1325 2195 1328 2202 -

107 2246 193 2311 inter
218 2246 318 2312 fastos
340 2245 503 2312 Idatianos
532 2253 563 2312 et
585 2246 781 2329 Capitolinos
809 2266 850 2313 ne
878 2248 948 2332 ipse
971 2246 1102 2330 quidem
1129 2250 1256 2333 negaui.

107 2347 224 2430 Neque
253 2347 355 2429 enim,
384 2352 419 2412 ut
445 2353 537 2431 putat
558 2348 750 2430 Mommsen,
781 2369 823 2414 ex
844 2348 1036 2434 Capitolinis
1056 2349 1178 2417 fluxere
1209 2351 1259 2435 illi

106 2449 195 2532 fasti,
218 2466 297 2531 quos
319 2447 457 2513 reddunt
471 2446 593 2514 Idatius
609 2447 852 2532 Chroniconque
874 2450 1042 2534 Paschale,
1066 2451 1124 2518 sed
1147 2458 1259 2519 contra

108 2550 183 2635 ipsa
205 2549 350 2615 recensio
372 2548 540 2615 Liciniana
562 2549 643 2615 alter
665 2555 713 2615 est
734 2548 806 2615 fons
827 2547 943 2616 indicis
958 2550 1142 2634 Capitolini,
1165 2552 1257 2634 isque

109 2651 273 2734 integrior,
297 2651 373 2733 quia
391 2651 491 2735 plane
513 2655 600 2717 earet
615 2650 856 2734 cognominibus
879 2650 948 2718 istis
969 2652 1052 2718 falso
1075 2653 1256 2735 geminatis.

195 2953 293 3021 Haud
316 2954 470 3021 maiorem
491 2974 588 3039 quam
610 2956 834 3039 cognominum
853 2957 1073 3022 auctoritatem
1096 2956 1179 3023 duco
1202 2978 1257 3025 no-

108 3064 214 3125 tarum
229 3058 519 3141 genealogicarum,
542 3059 931 3140 quaeantiquissimorum
945 3058 1186 3141 magistratuum
1201 3079 1259 3136 no<

108 3159 249 3226 minibus
277 3159 499 3226 adscribuntur
528 3161 561 3225 in
597 3160 688 3226 fastis
717 3159 906 3243 Capitolinis
938 3159 1040 3241 patris
1077 3165 1174 3243 atque
1203 3162 1258 3258 aui
1350 3192 1352 3196 >
1397 3234 1401 3243 ,

107 3267 332 3329 enumerantes
346 3263 561 3346 praenomina.
600 3263 682 3327 Nam
698 3262 834 3345 primum
851 3259 981 3344 quidem
1003 3261 1176 3327 tenendum
1199 3269 1257 3345 est,

109 3365 144 3430 in
167 3367 280 3428 neutro
295 3363 382 3429 fonte
397 3365 550 3432 fastorum
565 3364 826 3447 Capitolincrum,
849 3382 954 3446 neque
969 3364 1002 3428 in
1016 3363 1184 3430 Liciniana
1202 3384 1258 3430 ne·

108 3484 175 3550 que
197 3465 230 3529 in
252 3463 415 3532 Diodorca
436 3469 637 3550 recensione,
668 3466 830 3533 exstitisse
859 3466 937 3533 istas
954 3463 1194 3548 adnotationes,
1224 3471 1259 3532 ut

109 3566 281 3634 manifesto
304 3565 419 3633 docent
447 3588 526 3652 quas
552 3569 678 3634 illarum
701 3567 855 3635 habemus
877 3567 1044 3650 reliquiae.
1088 3566 1201 3649 Neque
1224 3568 1259 3633 in

109 3667 358 3753 antiquissimis,
387 3668 472 3736 unde
500 3675 633 3752 utraque
663 3670 806 3736 recensio
837 3668 945 3751 fluxit,
970 3668 1061 3735 fastis
1089 3673 1198 3752 patres
1226 3674 1259 3736 et

109 3790 191 3837 auos
214 3769 379 3835 consulum
394 3771 511 3836 relatos
527 3771 635 3851 fuisse,
652 3789 694 3835 ex
708 3771 816 3836 multis
835 3769 1056 3853 cognoscimus
1070 3769 1258 3852 fragmentis

111 3872 283 3953 annalium,
308 3870 363 3952 qui
378 3871 442 3953 ipsi
456 3870 694 3953 antiquissimos
709 3870 808 3936 fastos
823 3871 891 3936 sine
907 3870 1148 3953 cognominibus
1170 3890 1257 3938 rece·
1349 3937 1354 3948 ,
1371 3858 1391 3923 -“

110 3978 233 4056 perant.
265 3972 408 4038 Primum
423 3972 517 4055 enim,
541 3971 628 4055 quod
643 3972 828 4054 inuenerim,
845 3972 1026 4056 exemplum
1041 3956 1153 4038 additi
1165 3991 1257 4055 prae-

110 4073 248 4140 nominis
270 4075 412 4158 paterni,
441 4073 565 4141 aediles
591 4076 716 4140 curules
746 4072 857 4140 adfero
885 4075 961 4140 anni
983 4077 1044 4138 455
1068 4073 1124 4141 Cn.
1147 4074 1259 4140 Domi·

162 4180 281 4232 Leipzigar
294 4183 396 4225 Studien.
415 4181 453 4224 IX.
1021 4176 1053 4225 16
