<?xml version="1.0" encoding="UTF-8"?>
<!DOCTYPE html PUBLIC "-//W3C//DTD XHTML 1.0 Transitional//EN"
    "http://www.w3.org/TR/xhtml1/DTD/xhtml1-transitional.dtd">
<html xmlns="http://www.w3.org/1999/xhtml" xml:lang="en" lang="en">
 <head>
  <title>
</title>
<meta http-equiv="Content-Type" content="text/html;charset=utf-8" />
  <meta name='ocr-system' content='tesseract 3.04.00' />
  <meta name='ocr-capabilities' content='ocr_page ocr_carea ocr_par ocr_line ocrx_word'/>
</head>
<body>
  <div class='ocr_page' id='page_1' title='image "./defastisconsula00cichgoog_0044.png"; bbox 0 0 3108 4902; ppageno 0'>
   <div class='ocr_carea' id='block_1_1' title="bbox 417 344 1265 414">
    <p class='ocr_par' dir='ltr' id='par_1_1' title="bbox 417 344 1265 414">
     <span class='ocr_line' id='line_1_1' title="bbox 417 344 1265 414; baseline 0.006 -13"><span class='ocrx_word' id='word_1_1' title='bbox 417 347 460 401; x_wconf 87' lang='lat' dir='ltr'><strong>De</strong></span> <span class='ocrx_word' id='word_1_2' title='bbox 476 346 554 403; x_wconf 88' lang='lat' dir='ltr'><strong>fastis</strong></span> <span class='ocrx_word' id='word_1_3' title='bbox 572 344 759 403; x_wconf 85' lang='lat' dir='ltr'><strong>consularibus</strong></span> <span class='ocrx_word' id='word_1_4' title='bbox 776 345 973 414; x_wconf 74' lang='lat' dir='ltr'><strong>antiquissimis.</strong></span> <span class='ocrx_word' id='word_1_5' title='bbox 1204 346 1265 406; x_wconf 83' lang='lat'><strong>205</strong></span> 
     </span>
    </p>
   </div>
   <div class='ocr_carea' id='block_1_2' title="bbox 107 518 1267 3861">
    <p class='ocr_par' dir='ltr' id='par_1_2' title="bbox 115 518 1267 806">
     <span class='ocr_line' id='line_1_2' title="bbox 115 518 1267 602; baseline 0 -20"><span class='ocrx_word' id='word_1_6' title='bbox 115 536 254 584; x_wconf 87' lang='lat' dir='ltr'><strong>sonsum</strong></span> <span class='ocrx_word' id='word_1_7' title='bbox 276 519 369 584; x_wconf 90' lang='lat' dir='ltr'><strong>trium</strong></span> <span class='ocrx_word' id='word_1_8' title='bbox 390 525 554 586; x_wconf 89' lang='lat' dir='ltr'><strong>auctorum</strong></span> <span class='ocrx_word' id='word_1_9' title='bbox 576 520 608 584; x_wconf 94' lang='lat' dir='ltr'><strong>in</strong></span> <span class='ocrx_word' id='word_1_10' title='bbox 631 520 756 586; x_wconf 88' lang='lat' dir='ltr'><strong>omissis</strong></span> <span class='ocrx_word' id='word_1_11' title='bbox 779 520 825 585; x_wconf 91' lang='lat' dir='ltr'><strong>eis</strong></span> <span class='ocrx_word' id='word_1_12' title='bbox 847 519 1010 584; x_wconf 86' lang='lat' dir='ltr'><strong>fortuitum</strong></span> <span class='ocrx_word' id='word_1_13' title='bbox 1028 538 1195 602; x_wconf 88' lang='lat' dir='ltr'><strong>possumus</strong></span> <span class='ocrx_word' id='word_1_14' title='bbox 1218 518 1267 583; x_wconf 83' lang='lat' dir='ltr'><strong>di·</strong></span> 
     </span>
     <span class='ocr_line' id='line_1_3' title="bbox 130 619 1266 706; baseline 0 -20"><span class='ocrx_word' id='word_1_15' title='bbox 130 638 210 704; x_wconf 85' lang='lat' dir='ltr'><strong>core,</strong></span> <span class='ocrx_word' id='word_1_16' title='bbox 233 623 419 704; x_wconf 88' lang='lat' dir='ltr'><strong>praesertim</strong></span> <span class='ocrx_word' id='word_1_17' title='bbox 442 641 512 688; x_wconf 90' lang='lat' dir='ltr'><strong>oum</strong></span> <span class='ocrx_word' id='word_1_18' title='bbox 536 620 803 706; x_wconf 77' lang='lat' dir='ltr'><strong>Chronographus</strong></span> <span class='ocrx_word' id='word_1_19' title='bbox 826 622 967 703; x_wconf 86' lang='lat' dir='ltr'><strong>utrique,</strong></span> <span class='ocrx_word' id='word_1_20' title='bbox 990 619 1150 689; x_wconf 89' lang='lat' dir='ltr'><strong>Diodorus</strong></span> <span class='ocrx_word' id='word_1_21' title='bbox 1172 622 1266 688; x_wconf 89' lang='lat' dir='ltr'><strong>alieri</strong></span> 
     </span>
     <span class='ocr_line' id='line_1_4' title="bbox 128 722 636 806; baseline 0.004 -19"><span class='ocrx_word' id='word_1_22' title='bbox 128 723 248 788; x_wconf 88' lang='lat' dir='ltr'><strong>consuli</strong></span> <span class='ocrx_word' id='word_1_23' title='bbox 268 722 429 797; x_wconf 79' lang='lat' dir='ltr'><strong>adscribat</strong></span> <span class='ocrx_word' id='word_1_24' title='bbox 451 742 636 806; x_wconf 79' lang='lat' dir='ltr'>cognomen.</span> 
     </span>
    </p>

    <p class='ocr_par' dir='ltr' id='par_1_3' title="bbox 124 823 1266 1213">
     <span class='ocr_line' id='line_1_5' title="bbox 211 823 1266 911; baseline 0.004 -21"><span class='ocrx_word' id='word_1_25' title='bbox 211 823 331 901; x_wconf 81' lang='lat' dir='ltr'><strong>Quibus</strong></span> <span class='ocrx_word' id='word_1_26' title='bbox 346 825 555 892; x_wconf 77' lang='lat' dir='ltr'><strong>consideratis</strong></span> <span class='ocrx_word' id='word_1_27' title='bbox 569 824 648 891; x_wconf 90' lang='lat' dir='ltr'><strong>mibi</strong></span> <span class='ocrx_word' id='word_1_28' title='bbox 665 826 795 909; x_wconf 88' lang='lat' dir='ltr'><strong>quidem</strong></span> <span class='ocrx_word' id='word_1_29' title='bbox 815 845 880 892; x_wconf 93' lang='lat' dir='ltr'><strong>non</strong></span> <span class='ocrx_word' id='word_1_30' title='bbox 902 830 951 892; x_wconf 87' lang='lat' dir='ltr'><strong>est</strong></span> <span class='ocrx_word' id='word_1_31' title='bbox 972 823 1103 891; x_wconf 91' lang='lat' dir='ltr'><strong>dubium</strong></span> <span class='ocrx_word' id='word_1_32' title='bbox 1125 828 1201 911; x_wconf 88' lang='lat' dir='ltr'><strong>quin</strong></span> <span class='ocrx_word' id='word_1_33' title='bbox 1223 829 1266 894; x_wconf 92' lang='lat' dir='ltr'><strong>sit</strong></span> 
     </span>
     <span class='ocr_line' id='line_1_6' title="bbox 125 925 1263 1012; baseline 0.005 -23"><span class='ocrx_word' id='word_1_34' title='bbox 125 925 270 1008; x_wconf 88' lang='lat' dir='ltr'><strong>neganda</strong></span> <span class='ocrx_word' id='word_1_35' title='bbox 295 927 452 992; x_wconf 85' lang='lat' dir='ltr'><strong>sententia</strong></span> <span class='ocrx_word' id='word_1_36' title='bbox 476 926 665 994; x_wconf 85' lang='lat' dir='ltr'><strong>Mommseni</strong></span> <span class='ocrx_word' id='word_1_37' title='bbox 687 926 874 993; x_wconf 88' lang='lat' dir='ltr'><strong>affirmantis</strong></span> <span class='ocrx_word' id='word_1_38' title='bbox 897 945 938 993; x_wconf 82' lang='lat' dir='ltr'><strong>ex</strong></span> <span class='ocrx_word' id='word_1_39' title='bbox 964 926 1145 1012; x_wconf 79' lang='lat' dir='ltr'><strong>Capitolino</strong></span> <span class='ocrx_word' id='word_1_40' title='bbox 1169 929 1263 995; x_wconf 87' lang='lat' dir='ltr'><strong>later·</strong></span> 
     </span>
     <span class='ocr_line' id='line_1_7' title="bbox 125 1026 1264 1114; baseline 0.004 -23"><span class='ocrx_word' id='word_1_41' title='bbox 125 1027 196 1093; x_wconf 89' lang='lat' dir='ltr'><strong>culo</strong></span> <span class='ocrx_word' id='word_1_42' title='bbox 217 1026 349 1093; x_wconf 83' lang='lat' dir='ltr'><strong>fluxisse</strong></span> <span class='ocrx_word' id='word_1_43' title='bbox 371 1029 469 1096; x_wconf 88' lang='lat' dir='ltr'><strong>fastos</strong></span> <span class='ocrx_word' id='word_1_44' title='bbox 490 1028 664 1102; x_wconf 89' lang='lat' dir='ltr'><strong>Idatianos.</strong></span> <span class='ocrx_word' id='word_1_45' title='bbox 698 1029 800 1095; x_wconf 89' lang='lat' dir='ltr'><strong>Immo</strong></span> <span class='ocrx_word' id='word_1_46' title='bbox 821 1031 985 1114; x_wconf 88' lang='lat' dir='ltr'><strong>propriam</strong></span> <span class='ocrx_word' id='word_1_47' title='bbox 1001 1035 1033 1095; x_wconf 88' lang='lat' dir='ltr'><strong>et</strong></span> <span class='ocrx_word' id='word_1_48' title='bbox 1046 1050 1067 1095; x_wconf 91' lang='lat' dir='ltr'><strong>a</strong></span> <span class='ocrx_word' id='word_1_49' title='bbox 1082 1027 1264 1113; x_wconf 79' lang='lat' dir='ltr'><strong>Capitolina</strong></span> 
     </span>
     <span class='ocr_line' id='line_1_8' title="bbox 124 1126 1261 1213; baseline 0.004 -20"><span class='ocrx_word' id='word_1_50' title='bbox 124 1126 284 1213; x_wconf 77' lang='lat' dir='ltr'><strong>diuersam</strong></span> <span class='ocrx_word' id='word_1_51' title='bbox 314 1127 446 1196; x_wconf 84' lang='lat' dir='ltr'><strong>exbibet</strong></span> <span class='ocrx_word' id='word_1_52' title='bbox 466 1130 588 1197; x_wconf 86' lang='lat' dir='ltr'><strong>idatius</strong></span> <span class='ocrx_word' id='word_1_53' title='bbox 616 1132 833 1198; x_wconf 79' lang='lat' dir='ltr'><strong>recensionem</strong></span> <span class='ocrx_word' id='word_1_54' title='bbox 859 1132 1012 1198; x_wconf 86' lang='lat' dir='ltr'><strong>fastorum</strong></span> <span class='ocrx_word' id='word_1_55' title='bbox 1041 1132 1261 1198; x_wconf 84' lang='lat' dir='ltr'><strong>consularium.</strong></span> 
     </span>
    </p>

    <p class='ocr_par' dir='ltr' id='par_1_4' title="bbox 116 1232 1264 2131">
     <span class='ocr_line' id='line_1_9' title="bbox 206 1232 1264 1317; baseline 0.004 -21"><span class='ocrx_word' id='word_1_56' title='bbox 206 1232 244 1297; x_wconf 89' lang='lat' dir='ltr'><strong>In</strong></span> <span class='ocrx_word' id='word_1_57' title='bbox 266 1233 384 1297; x_wconf 86' lang='lat' dir='ltr'><strong>fontem</strong></span> <span class='ocrx_word' id='word_1_58' title='bbox 413 1238 519 1299; x_wconf 84' lang='lat' dir='ltr'><strong>antem</strong></span> <span class='ocrx_word' id='word_1_59' title='bbox 547 1234 616 1301; x_wconf 86' lang='lat' dir='ltr'><strong>cius</strong></span> <span class='ocrx_word' id='word_1_60' title='bbox 643 1235 875 1317; x_wconf 88' lang='lat' dir='ltr'><strong>inquirentibus</strong></span> <span class='ocrx_word' id='word_1_61' title='bbox 896 1253 1000 1317; x_wconf 91' lang='lat' dir='ltr'><strong>neque</strong></span> <span class='ocrx_word' id='word_1_62' title='bbox 1023 1253 1094 1301; x_wconf 88' lang='lat' dir='ltr'><strong>osse</strong></span> <span class='ocrx_word' id='word_1_63' title='bbox 1115 1233 1264 1301; x_wconf 90' lang='lat' dir='ltr'><strong>haustum</strong></span> 
     </span>
     <span class='ocr_line' id='line_1_10' title="bbox 122 1332 1264 1419; baseline 0.006 -24"><span class='ocrx_word' id='word_1_64' title='bbox 122 1332 261 1399; x_wconf 85' lang='lat' dir='ltr'><strong>indicem</strong></span> <span class='ocrx_word' id='word_1_65' title='bbox 275 1332 372 1399; x_wconf 88' lang='lat' dir='ltr'><strong>Idatii</strong></span> <span class='ocrx_word' id='word_1_66' title='bbox 394 1353 435 1400; x_wconf 88' lang='lat' dir='ltr'><strong>ex</strong></span> <span class='ocrx_word' id='word_1_67' title='bbox 450 1335 606 1419; x_wconf 89' lang='lat' dir='ltr'><strong>Dionysio</strong></span> <span class='ocrx_word' id='word_1_68' title='bbox 627 1355 732 1419; x_wconf 91' lang='lat' dir='ltr'><strong>neque</strong></span> <span class='ocrx_word' id='word_1_69' title='bbox 754 1357 796 1402; x_wconf 83' lang='lat' dir='ltr'><strong>ex</strong></span> <span class='ocrx_word' id='word_1_70' title='bbox 814 1336 907 1402; x_wconf 90' lang='lat' dir='ltr'><strong>Liuio</strong></span> <span class='ocrx_word' id='word_1_71' title='bbox 932 1335 1008 1400; x_wconf 90' lang='lat' dir='ltr'><strong>inde</strong></span> <span class='ocrx_word' id='word_1_72' title='bbox 1030 1336 1143 1418; x_wconf 88' lang='lat' dir='ltr'><strong>elucet,</strong></span> <span class='ocrx_word' id='word_1_73' title='bbox 1177 1337 1264 1418; x_wconf 92' lang='lat' dir='ltr'><strong>quod</strong></span> 
     </span>
     <span class='ocr_line' id='line_1_11' title="bbox 120 1433 1264 1521; baseline 0.005 -23"><span class='ocrx_word' id='word_1_74' title='bbox 120 1433 244 1501; x_wconf 90' lang='lat' dir='ltr'><strong>Idatius</strong></span> <span class='ocrx_word' id='word_1_75' title='bbox 271 1435 398 1518; x_wconf 89' lang='lat' dir='ltr'><strong>plenam</strong></span> <span class='ocrx_word' id='word_1_76' title='bbox 429 1442 460 1502; x_wconf 92' lang='lat' dir='ltr'><strong>et</strong></span> <span class='ocrx_word' id='word_1_77' title='bbox 488 1437 669 1503; x_wconf 88' lang='lat' dir='ltr'><strong>continuam</strong></span> <span class='ocrx_word' id='word_1_78' title='bbox 697 1437 804 1503; x_wconf 86' lang='lat' dir='ltr'><strong>reddit</strong></span> <span class='ocrx_word' id='word_1_79' title='bbox 824 1438 1042 1505; x_wconf 87' lang='lat' dir='ltr'><strong>recensionem</strong></span> <span class='ocrx_word' id='word_1_80' title='bbox 1064 1437 1170 1521; x_wconf 84' lang='lat' dir='ltr'><strong>illam,</strong></span> <span class='ocrx_word' id='word_1_81' title='bbox 1199 1458 1264 1520; x_wconf 90' lang='lat' dir='ltr'><strong>qna</strong></span> 
     </span>
     <span class='ocr_line' id='line_1_12' title="bbox 120 1536 1263 1624; baseline 0.004 -24"><span class='ocrx_word' id='word_1_82' title='bbox 120 1536 234 1602; x_wconf 88' lang='lat' dir='ltr'><strong>addita</strong></span> <span class='ocrx_word' id='word_1_83' title='bbox 256 1543 344 1603; x_wconf 89' lang='lat' dir='ltr'><strong>erant</strong></span> <span class='ocrx_word' id='word_1_84' title='bbox 365 1539 571 1622; x_wconf 85' lang='lat' dir='ltr'><strong>cognomina,</strong></span> <span class='ocrx_word' id='word_1_85' title='bbox 599 1539 709 1605; x_wconf 91' lang='lat' dir='ltr'><strong>Liuius</strong></span> <span class='ocrx_word' id='word_1_86' title='bbox 731 1546 837 1606; x_wconf 88' lang='lat' dir='ltr'><strong>autern</strong></span> <span class='ocrx_word' id='word_1_87' title='bbox 860 1547 892 1606; x_wconf 90' lang='lat' dir='ltr'><strong>et</strong></span> <span class='ocrx_word' id='word_1_88' title='bbox 913 1540 1087 1624; x_wconf 85' lang='lat' dir='ltr'><strong>Dionysius</strong></span> <span class='ocrx_word' id='word_1_89' title='bbox 1114 1560 1178 1605; x_wconf 91' lang='lat' dir='ltr'><strong>non</strong></span> <span class='ocrx_word' id='word_1_90' title='bbox 1199 1541 1263 1606; x_wconf 92' lang='lat' dir='ltr'><strong>nisi</strong></span> 
     </span>
     <span class='ocr_line' id='line_1_13' title="bbox 120 1638 1261 1726; baseline 0.005 -25"><span class='ocrx_word' id='word_1_91' title='bbox 120 1638 154 1701; x_wconf 92' lang='lat' dir='ltr'><strong>in</strong></span> <span class='ocrx_word' id='word_1_92' title='bbox 168 1638 280 1722; x_wconf 89' lang='lat' dir='ltr'><strong>paucis</strong></span> <span class='ocrx_word' id='word_1_93' title='bbox 294 1638 384 1706; x_wconf 89' lang='lat' dir='ltr'><strong>libris</strong></span> <span class='ocrx_word' id='word_1_94' title='bbox 398 1641 542 1723; x_wconf 87' lang='lat' dir='ltr'><strong>locisque</strong></span> <span class='ocrx_word' id='word_1_95' title='bbox 558 1660 597 1706; x_wconf 93' lang='lat' dir='ltr'><strong>ea</strong></span> <span class='ocrx_word' id='word_1_96' title='bbox 611 1646 738 1707; x_wconf 91' lang='lat' dir='ltr'><strong>utuntur</strong></span> <span class='ocrx_word' id='word_1_97' title='bbox 754 1648 786 1707; x_wconf 92' lang='lat' dir='ltr'><strong>et</strong></span> <span class='ocrx_word' id='word_1_98' title='bbox 799 1643 928 1725; x_wconf 84' lang='lat' dir='ltr'><strong>saepius</strong></span> <span class='ocrx_word' id='word_1_99' title='bbox 943 1648 1088 1709; x_wconf 90' lang='lat' dir='ltr'><strong>auctores</strong></span> <span class='ocrx_word' id='word_1_100' title='bbox 1103 1649 1261 1726; x_wconf 86' lang='lat' dir='ltr'><strong>secuntur,</strong></span> 
     </span>
     <span class='ocr_line' id='line_1_14' title="bbox 119 1739 1261 1827; baseline 0.004 -24"><span class='ocrx_word' id='word_1_101' title='bbox 119 1739 176 1821; x_wconf 91' lang='lat' dir='ltr'><strong>qui</strong></span> <span class='ocrx_word' id='word_1_102' title='bbox 204 1739 280 1805; x_wconf 93' lang='lat' dir='ltr'><strong>bina</strong></span> <span class='ocrx_word' id='word_1_103' title='bbox 307 1742 436 1807; x_wconf 89' lang='lat' dir='ltr'><strong>nomina</strong></span> <span class='ocrx_word' id='word_1_104' title='bbox 464 1743 628 1809; x_wconf 90' lang='lat' dir='ltr'><strong>consulum</strong></span> <span class='ocrx_word' id='word_1_105' title='bbox 655 1743 870 1809; x_wconf 88' lang='lat' dir='ltr'><strong>nominabant.</strong></span> <span class='ocrx_word' id='word_1_106' title='bbox 915 1742 1005 1821; x_wconf 90' lang='lat' dir='ltr'><strong>Quae</strong></span> <span class='ocrx_word' id='word_1_107' title='bbox 1028 1764 1099 1810; x_wconf 92' lang='lat' dir='ltr'><strong>oum</strong></span> <span class='ocrx_word' id='word_1_108' title='bbox 1121 1745 1167 1809; x_wconf 90' lang='lat' dir='ltr'><strong>ita</strong></span> <span class='ocrx_word' id='word_1_109' title='bbox 1188 1745 1261 1827; x_wconf 87' lang='lat' dir='ltr'><strong>sint,</strong></span> 
     </span>
     <span class='ocr_line' id='line_1_15' title="bbox 117 1842 1261 1911; baseline 0.005 -6"><span class='ocrx_word' id='word_1_110' title='bbox 117 1842 184 1907; x_wconf 90' lang='lat' dir='ltr'><strong>iam</strong></span> <span class='ocrx_word' id='word_1_111' title='bbox 206 1861 302 1907; x_wconf 92' lang='lat' dir='ltr'><strong>unum</strong></span> <span class='ocrx_word' id='word_1_112' title='bbox 323 1843 468 1910; x_wconf 89' lang='lat' dir='ltr'><strong>relictum</strong></span> <span class='ocrx_word' id='word_1_113' title='bbox 490 1850 554 1911; x_wconf 89' lang='lat' dir='ltr'><strong>est:</strong></span> <span class='ocrx_word' id='word_1_114' title='bbox 579 1844 622 1911; x_wconf 90' lang='lat' dir='ltr'><strong>ad</strong></span> <span class='ocrx_word' id='word_1_115' title='bbox 645 1844 781 1911; x_wconf 89' lang='lat' dir='ltr'><strong>eundem</strong></span> <span class='ocrx_word' id='word_1_116' title='bbox 802 1846 921 1911; x_wconf 89' lang='lat' dir='ltr'><strong>iontem</strong></span> <span class='ocrx_word' id='word_1_117' title='bbox 943 1844 1048 1910; x_wconf 90' lang='lat' dir='ltr'><strong>redire</strong></span> <span class='ocrx_word' id='word_1_118' title='bbox 1070 1851 1102 1911; x_wconf 92' lang='lat' dir='ltr'><strong>et</strong></span> <span class='ocrx_word' id='word_1_119' title='bbox 1123 1845 1261 1911; x_wconf 89' lang='lat' dir='ltr'><strong>Idatium</strong></span> 
     </span>
     <span class='ocr_line' id='line_1_16' title="bbox 118 1943 1261 2032; baseline 0.006 -25"><span class='ocrx_word' id='word_1_120' title='bbox 118 1949 151 2008; x_wconf 89' lang='lat' dir='ltr'><strong>et</strong></span> <span class='ocrx_word' id='word_1_121' title='bbox 173 1943 246 2009; x_wconf 90' lang='lat' dir='ltr'><strong>illas</strong></span> <span class='ocrx_word' id='word_1_122' title='bbox 267 1944 421 2011; x_wconf 92' lang='lat' dir='ltr'><strong>librorum</strong></span> <span class='ocrx_word' id='word_1_123' title='bbox 443 1946 649 2013; x_wconf 87' lang='lat' dir='ltr'><strong>Liuianorum</strong></span> <span class='ocrx_word' id='word_1_124' title='bbox 663 1968 702 2014; x_wconf 89' lang='lat' dir='ltr'><strong>ao</strong></span> <span class='ocrx_word' id='word_1_125' title='bbox 717 1947 985 2031; x_wconf 89' lang='lat' dir='ltr'><strong>Dionysianorum</strong></span> <span class='ocrx_word' id='word_1_126' title='bbox 1005 1951 1122 2032; x_wconf 86' lang='lat' dir='ltr'><strong>partes,</strong></span> <span class='ocrx_word' id='word_1_127' title='bbox 1146 1947 1261 2030; x_wconf 88' lang='lat' dir='ltr'><strong>quibus</strong></span> 
     </span>
     <span class='ocr_line' id='line_1_17' title="bbox 116 2048 494 2131; baseline 0.013 -23"><span class='ocrx_word' id='word_1_128' title='bbox 116 2051 275 2129; x_wconf 87' lang='lat' dir='ltr'><strong>apparent</strong></span> <span class='ocrx_word' id='word_1_129' title='bbox 295 2048 494 2131; x_wconf 87' lang='lat' dir='ltr'><strong>cognomina.</strong></span> 
     </span>
    </p>

    <p class='ocr_par' dir='ltr' id='par_1_5' title="bbox 113 2145 1261 2535">
     <span class='ocr_line' id='line_1_18' title="bbox 203 2145 1259 2233; baseline 0.003 -22"><span class='ocrx_word' id='word_1_130' title='bbox 203 2145 269 2213; x_wconf 85' lang='lat' dir='ltr'><strong>Sed</strong></span> <span class='ocrx_word' id='word_1_131' title='bbox 290 2148 427 2233; x_wconf 90' lang='lat' dir='ltr'><strong>illorum,</strong></span> <span class='ocrx_word' id='word_1_132' title='bbox 451 2169 530 2232; x_wconf 90' lang='lat' dir='ltr'><strong>quos</strong></span> <span class='ocrx_word' id='word_1_133' title='bbox 552 2148 707 2216; x_wconf 87' lang='lat' dir='ltr'><strong>adhibent</strong></span> <span class='ocrx_word' id='word_1_134' title='bbox 720 2149 831 2216; x_wconf 87' lang='lat' dir='ltr'><strong>Liuius</strong></span> <span class='ocrx_word' id='word_1_135' title='bbox 850 2156 881 2215; x_wconf 90' lang='lat' dir='ltr'><strong>et</strong></span> <span class='ocrx_word' id='word_1_136' title='bbox 896 2149 1069 2233; x_wconf 85' lang='lat' dir='ltr'><strong>Dionysius</strong></span> <span class='ocrx_word' id='word_1_137' title='bbox 1092 2150 1127 2215; x_wconf 93' lang='lat' dir='ltr'><strong>in</strong></span> <span class='ocrx_word' id='word_1_138' title='bbox 1147 2149 1259 2233; x_wconf 88' lang='lat' dir='ltr'><strong>priori·</strong></span> 
     </span>
     <span class='ocr_line' id='line_1_19' title="bbox 115 2246 1259 2335; baseline 0.003 -23"><span class='ocrx_word' id='word_1_139' title='bbox 115 2246 176 2314; x_wconf 91' lang='lat' dir='ltr'><strong>bus</strong></span> <span class='ocrx_word' id='word_1_140' title='bbox 198 2247 300 2330; x_wconf 83' lang='lat' dir='ltr'><strong>libris,</strong></span> <span class='ocrx_word' id='word_1_141' title='bbox 322 2254 486 2315; x_wconf 89' lang='lat' dir='ltr'><strong>anctorum</strong></span> <span class='ocrx_word' id='word_1_142' title='bbox 508 2270 605 2316; x_wconf 92' lang='lat' dir='ltr'><strong>unum</strong></span> <span class='ocrx_word' id='word_1_143' title='bbox 626 2271 723 2335; x_wconf 90' lang='lat' dir='ltr'><strong>supra</strong></span> <span class='ocrx_word' id='word_1_144' title='bbox 737 2251 953 2318; x_wconf 90' lang='lat' dir='ltr'><strong>demonstraui</strong></span> <span class='ocrx_word' id='word_1_145' title='bbox 966 2251 1259 2334; x_wconf 89' lang='lat' dir='ltr'><strong>antiquissimorum</strong></span> 
     </span>
     <span class='ocr_line' id='line_1_20' title="bbox 115 2350 1261 2435; baseline 0.003 -22"><span class='ocrx_word' id='word_1_146' title='bbox 115 2367 244 2431; x_wconf 90' lang='lat' dir='ltr'><strong>quoque</strong></span> <span class='ocrx_word' id='word_1_147' title='bbox 267 2350 430 2415; x_wconf 91' lang='lat' dir='ltr'><strong>consulum</strong></span> <span class='ocrx_word' id='word_1_148' title='bbox 452 2350 582 2417; x_wconf 90' lang='lat' dir='ltr'><strong>dedisse</strong></span> <span class='ocrx_word' id='word_1_149' title='bbox 603 2354 793 2435; x_wconf 89' lang='lat' dir='ltr'><strong>cognomina</strong></span> <span class='ocrx_word' id='word_1_150' title='bbox 811 2352 970 2419; x_wconf 90' lang='lat' dir='ltr'><strong>Licinium</strong></span> <span class='ocrx_word' id='word_1_151' title='bbox 984 2352 1135 2435; x_wconf 84' lang='lat' dir='ltr'><strong>Macrum,</strong></span> <span class='ocrx_word' id='word_1_152' title='bbox 1159 2352 1204 2417; x_wconf 89' lang='lat' dir='ltr'><strong>ita</strong></span> <span class='ocrx_word' id='word_1_153' title='bbox 1225 2358 1261 2416; x_wconf 92' lang='lat' dir='ltr'><strong>ut</strong></span> 
     </span>
     <span class='ocr_line' id='line_1_21' title="bbox 113 2449 1043 2535; baseline 0.005 -22"><span class='ocrx_word' id='word_1_154' title='bbox 113 2449 170 2517; x_wconf 90' lang='lat' dir='ltr'><strong>hic</strong></span> <span class='ocrx_word' id='word_1_155' title='bbox 192 2449 352 2534; x_wconf 86' lang='lat' dir='ltr'><strong>putandus</strong></span> <span class='ocrx_word' id='word_1_156' title='bbox 374 2451 416 2518; x_wconf 93' lang='lat' dir='ltr'><strong>sit</strong></span> <span class='ocrx_word' id='word_1_157' title='bbox 438 2453 613 2518; x_wconf 91' lang='lat' dir='ltr'><strong>communis</strong></span> <span class='ocrx_word' id='word_1_158' title='bbox 634 2454 729 2518; x_wconf 90' lang='lat' dir='ltr'><strong>trium</strong></span> <span class='ocrx_word' id='word_1_159' title='bbox 752 2454 940 2535; x_wconf 85' lang='lat' dir='ltr'><strong>scriptorum</strong></span> <span class='ocrx_word' id='word_1_160' title='bbox 962 2455 1043 2520; x_wconf 87' lang='lat' dir='ltr'><strong>fons.</strong></span> 
     </span>
    </p>

    <p class='ocr_par' dir='ltr' id='par_1_6' title="bbox 108 2551 1259 3144">
     <span class='ocr_line' id='line_1_22' title="bbox 201 2551 1258 2637; baseline 0.003 -20"><span class='ocrx_word' id='word_1_161' title='bbox 201 2551 249 2618; x_wconf 88' lang='lat' dir='ltr'><strong>Ao</strong></span> <span class='ocrx_word' id='word_1_162' title='bbox 271 2553 381 2620; x_wconf 88' lang='lat' dir='ltr'><strong>Liuius</strong></span> <span class='ocrx_word' id='word_1_163' title='bbox 409 2553 539 2636; x_wconf 91' lang='lat' dir='ltr'><strong>quidem</strong></span> <span class='ocrx_word' id='word_1_164' title='bbox 566 2574 695 2637; x_wconf 90' lang='lat' dir='ltr'><strong>prorsus</strong></span> <span class='ocrx_word' id='word_1_165' title='bbox 718 2555 874 2620; x_wconf 89' lang='lat' dir='ltr'><strong>consentit</strong></span> <span class='ocrx_word' id='word_1_166' title='bbox 901 2573 973 2620; x_wconf 90' lang='lat' dir='ltr'><strong>oum</strong></span> <span class='ocrx_word' id='word_1_167' title='bbox 994 2553 1097 2619; x_wconf 84' lang='lat' dir='ltr'><strong>idatio</strong></span> <span class='ocrx_word' id='word_1_168' title='bbox 1119 2554 1196 2620; x_wconf 90' lang='lat' dir='ltr'><strong>inde</strong></span> <span class='ocrx_word' id='word_1_169' title='bbox 1216 2556 1258 2620; x_wconf 89' lang='lat' dir='ltr'><strong>ab</strong></span> 
     </span>
     <span class='ocr_line' id='line_1_23' title="bbox 113 2648 1259 2739; baseline 0.001 -20"><span class='ocrx_word' id='word_1_170' title='bbox 113 2673 199 2719; x_wconf 89' lang='lat' dir='ltr'><strong>anno</strong></span> <span class='ocrx_word' id='word_1_171' title='bbox 223 2656 283 2718; x_wconf 84' lang='lat'><strong>307</strong></span> <span class='ocrx_word' id='word_1_172' title='bbox 307 2654 388 2729; x_wconf 88' lang='lat' dir='ltr'><strong>(Liu.</strong></span> <span class='ocrx_word' id='word_1_173' title='bbox 405 2657 434 2737; x_wconf 85' lang='lat'><strong>3,</strong></span> <span class='ocrx_word' id='word_1_174' title='bbox 451 2657 521 2739; x_wconf 87' lang='grc'>65),</span> <span class='ocrx_word' id='word_1_175' title='bbox 544 2655 602 2723; x_wconf 91' lang='lat' dir='ltr'><strong>sed</strong></span> <span class='ocrx_word' id='word_1_176' title='bbox 623 2656 764 2722; x_wconf 86' lang='lat' dir='ltr'><strong>maxime</strong></span> <span class='ocrx_word' id='word_1_177' title='bbox 786 2674 958 2722; x_wconf 88' lang='lat' dir='ltr'><strong>consensus</strong></span> <span class='ocrx_word' id='word_1_178' title='bbox 980 2655 1036 2719; x_wconf 90' lang='lat' dir='ltr'><strong>ille</strong></span> <span class='ocrx_word' id='word_1_179' title='bbox 1058 2648 1259 2738; x_wconf 82' lang='lat' dir='ltr'><strong>cognoscitur</strong></span> 
     </span>
     <span class='ocr_line' id='line_1_24' title="bbox 112 2754 1257 2840; baseline 0.002 -21"><span class='ocrx_word' id='word_1_180' title='bbox 112 2756 146 2819; x_wconf 94' lang='lat' dir='ltr'><strong>in</strong></span> <span class='ocrx_word' id='word_1_181' title='bbox 171 2754 277 2837; x_wconf 84' lang='lat' dir='ltr'><strong>priore</strong></span> <span class='ocrx_word' id='word_1_182' title='bbox 300 2757 404 2838; x_wconf 87' lang='lat' dir='ltr'><strong>quarti</strong></span> <span class='ocrx_word' id='word_1_183' title='bbox 426 2756 551 2822; x_wconf 86' lang='lat' dir='ltr'><strong>Liuiani</strong></span> <span class='ocrx_word' id='word_1_184' title='bbox 574 2757 648 2823; x_wconf 89' lang='lat' dir='ltr'><strong>libri</strong></span> <span class='ocrx_word' id='word_1_185' title='bbox 669 2764 770 2840; x_wconf 86' lang='lat' dir='ltr'><strong>parte.</strong></span> <span class='ocrx_word' id='word_1_186' title='bbox 807 2755 911 2833; x_wconf 89' lang='lat' dir='ltr'><strong>Quam</strong></span> <span class='ocrx_word' id='word_1_187' title='bbox 932 2762 1039 2822; x_wconf 86' lang='lat' dir='ltr'><strong>tamen</strong></span> <span class='ocrx_word' id='word_1_188' title='bbox 1060 2758 1164 2840; x_wconf 90' lang='lat' dir='ltr'><strong>ipsam</strong></span> <span class='ocrx_word' id='word_1_189' title='bbox 1185 2777 1257 2840; x_wconf 87' lang='lat' dir='ltr'><strong>par-</strong></span> 
     </span>
     <span class='ocr_line' id='line_1_25' title="bbox 110 2857 1256 2944; baseline 0.004 -23"><span class='ocrx_word' id='word_1_190' title='bbox 110 2862 180 2922; x_wconf 91' lang='lat' dir='ltr'><strong>tem</strong></span> <span class='ocrx_word' id='word_1_191' title='bbox 209 2893 251 2904; x_wconf 93' lang='lat'>-</span> <span class='ocrx_word' id='word_1_192' title='bbox 279 2857 402 2924; x_wconf 90' lang='lat' dir='ltr'><strong>scilicet</strong></span> <span class='ocrx_word' id='word_1_193' title='bbox 424 2860 530 2942; x_wconf 85' lang='lat' dir='ltr'><strong>capita</strong></span> <span class='ocrx_word' id='word_1_194' title='bbox 554 2861 655 2924; x_wconf 83' lang='lat'><strong>1-23</strong></span> <span class='ocrx_word' id='word_1_195' title='bbox 677 2895 719 2904; x_wconf 94' lang='lat'><em>-</em></span> <span class='ocrx_word' id='word_1_196' title='bbox 748 2880 790 2925; x_wconf 86' lang='lat' dir='ltr'><strong>ex</strong></span> <span class='ocrx_word' id='word_1_197' title='bbox 811 2860 919 2925; x_wconf 88' lang='lat' dir='ltr'><strong>Macro</strong></span> <span class='ocrx_word' id='word_1_198' title='bbox 950 2879 1021 2926; x_wconf 88' lang='lat' dir='ltr'><strong>esse</strong></span> <span class='ocrx_word' id='word_1_199' title='bbox 1044 2858 1256 2944; x_wconf 87' lang='lat' dir='ltr'><strong>desumptam,</strong></span> 
     </span>
     <span class='ocr_line' id='line_1_26' title="bbox 110 2959 1255 3044; baseline 0.003 -21"><span class='ocrx_word' id='word_1_200' title='bbox 110 2959 208 3024; x_wconf 90' lang='lat' dir='ltr'><strong>certis</strong></span> <span class='ocrx_word' id='word_1_201' title='bbox 238 2960 431 3041; x_wconf 84' lang='lat' dir='ltr'><strong>argumentis</strong></span> <span class='ocrx_word' id='word_1_202' title='bbox 460 2961 678 3044; x_wconf 87' lang='lat' dir='ltr'><strong>comprobauit</strong></span> <span class='ocrx_word' id='word_1_203' title='bbox 705 2961 800 3026; x_wconf 89' lang='lat' dir='ltr'><strong>Peter</strong></span> <span class='ocrx_word' id='word_1_204' title='bbox 825 2961 918 3038; x_wconf 90' lang='lat' dir='ltr'><strong>(Hist.</strong></span> <span class='ocrx_word' id='word_1_205' title='bbox 942 2961 1032 3025; x_wconf 88' lang='lat' dir='ltr'><strong>Rom.</strong></span> <span class='ocrx_word' id='word_1_206' title='bbox 1056 2967 1118 3026; x_wconf 89' lang='lat' dir='ltr'><strong>uet.</strong></span> <span class='ocrx_word' id='word_1_207' title='bbox 1141 2963 1255 3044; x_wconf 91' lang='lat' dir='ltr'><strong>reliqu.</strong></span> 
     </span>
     <span class='ocr_line' id='line_1_27' title="bbox 108 3059 482 3144; baseline 0.005 -18"><span class='ocrx_word' id='word_1_208' title='bbox 108 3079 139 3144; x_wconf 87' lang='lat' dir='ltr'><strong>p.</strong></span> <span class='ocrx_word' id='word_1_209' title='bbox 160 3059 482 3140; x_wconf 78' lang='lat' dir='ltr'><strong>CCCXXXXVIIII).</strong></span> 
     </span>
    </p>

    <p class='ocr_par' dir='ltr' id='par_1_7' title="bbox 107 3163 1255 3861">
     <span class='ocr_line' id='line_1_28' title="bbox 198 3163 1255 3249; baseline 0.004 -22"><span class='ocrx_word' id='word_1_210' title='bbox 198 3163 280 3228; x_wconf 83' lang='lat' dir='ltr'><strong>Tum</strong></span> <span class='ocrx_word' id='word_1_211' title='bbox 302 3164 460 3246; x_wconf 89' lang='lat' dir='ltr'><strong>quaedam</strong></span> <span class='ocrx_word' id='word_1_212' title='bbox 491 3165 695 3249; x_wconf 85' lang='lat' dir='ltr'><strong>cognomina,</strong></span> <span class='ocrx_word' id='word_1_213' title='bbox 725 3183 807 3247; x_wconf 93' lang='lat' dir='ltr'><strong>quae</strong></span> <span class='ocrx_word' id='word_1_214' title='bbox 834 3165 983 3247; x_wconf 91' lang='lat' dir='ltr'><strong>leguntur</strong></span> <span class='ocrx_word' id='word_1_215' title='bbox 1010 3165 1044 3227; x_wconf 92' lang='lat' dir='ltr'><strong>in</strong></span> <span class='ocrx_word' id='word_1_216' title='bbox 1069 3164 1255 3247; x_wconf 83' lang='lat' dir='ltr'><strong>fragmentis</strong></span> 
     </span>
     <span class='ocr_line' id='line_1_29' title="bbox 107 3263 1254 3351; baseline 0.001 -20"><span class='ocrx_word' id='word_1_217' title='bbox 107 3263 296 3348; x_wconf 81' lang='lat' dir='ltr'><strong>Licinianis,</strong></span> <span class='ocrx_word' id='word_1_218' title='bbox 319 3266 534 3351; x_wconf 88' lang='lat' dir='ltr'><strong>discrepantia</strong></span> <span class='ocrx_word' id='word_1_219' title='bbox 548 3289 569 3334; x_wconf 89' lang='lat' dir='ltr'><strong>a</strong></span> <span class='ocrx_word' id='word_1_220' title='bbox 583 3267 697 3334; x_wconf 87' lang='lat' dir='ltr'><strong>ceteris</strong></span> <span class='ocrx_word' id='word_1_221' title='bbox 712 3266 893 3333; x_wconf 86' lang='lat' dir='ltr'><strong>auctoribus</strong></span> <span class='ocrx_word' id='word_1_222' title='bbox 915 3264 1049 3332; x_wconf 88' lang='lat' dir='ltr'><strong>redeunt</strong></span> <span class='ocrx_word' id='word_1_223' title='bbox 1070 3266 1156 3349; x_wconf 89' lang='lat' dir='ltr'><strong>apud</strong></span> <span class='ocrx_word' id='word_1_224' title='bbox 1182 3266 1254 3332; x_wconf 92' lang='lat' dir='ltr'><strong>Ida·</strong></span> 
     </span>
     <span class='ocr_line' id='line_1_30' title="bbox 108 3363 1253 3453; baseline 0.003 -22"><span class='ocrx_word' id='word_1_225' title='bbox 108 3367 200 3431; x_wconf 87' lang='lat' dir='ltr'><strong>tium.</strong></span> <span class='ocrx_word' id='word_1_226' title='bbox 239 3363 455 3442; x_wconf 79' lang='lat' dir='ltr'><strong>Quinctiorum</strong></span> <span class='ocrx_word' id='word_1_227' title='bbox 478 3370 563 3435; x_wconf 88' lang='lat' dir='ltr'><strong>enim</strong></span> <span class='ocrx_word' id='word_1_228' title='bbox 584 3370 721 3452; x_wconf 87' lang='lat' dir='ltr'><strong>illorum,</strong></span> <span class='ocrx_word' id='word_1_229' title='bbox 746 3388 826 3453; x_wconf 89' lang='lat' dir='ltr'><strong>quos</strong></span> <span class='ocrx_word' id='word_1_230' title='bbox 848 3368 1052 3435; x_wconf 78' lang='lat' dir='ltr'><strong>Cincinnatos</strong></span> <span class='ocrx_word' id='word_1_231' title='bbox 1074 3367 1183 3434; x_wconf 89' lang='lat' dir='ltr'><strong>dicunt</strong></span> <span class='ocrx_word' id='word_1_232' title='bbox 1204 3388 1253 3434; x_wconf 90' lang='lat' dir='ltr'><strong>re·</strong></span> 
     </span>
     <span class='ocr_line' id='line_1_31' title="bbox 107 3461 1253 3553; baseline 0.003 -20"><span class='ocrx_word' id='word_1_233' title='bbox 107 3467 202 3551; x_wconf 88' lang='lat' dir='ltr'><strong>liqui,</strong></span> <span class='ocrx_word' id='word_1_234' title='bbox 224 3468 365 3534; x_wconf 87' lang='lat' dir='ltr'><strong>aMscro</strong></span> <span class='ocrx_word' id='word_1_235' title='bbox 380 3477 510 3540; x_wconf 85' lang='lat' dir='ltr'><strong>uocatos</strong></span> <span class='ocrx_word' id='word_1_236' title='bbox 531 3473 630 3539; x_wconf 87' lang='lat' dir='ltr'><strong>fuisse</strong></span> <span class='ocrx_word' id='word_1_237' title='bbox 651 3472 820 3538; x_wconf 88' lang='lat' dir='ltr'><strong>nonnullos</strong></span> <span class='ocrx_word' id='word_1_238' title='bbox 839 3461 990 3536; x_wconf 81' lang='lat' dir='ltr'><strong>‘Poenos&#39;</strong></span> <span class='ocrx_word' id='word_1_239' title='bbox 1010 3489 1052 3536; x_wconf 84' lang='lat' dir='ltr'><strong>ex</strong></span> <span class='ocrx_word' id='word_1_240' title='bbox 1067 3470 1253 3553; x_wconf 87' lang='lat' dir='ltr'><strong>fragmentis</strong></span> 
     </span>
     <span class='ocr_line' id='line_1_32' title="bbox 108 3573 1253 3658; baseline 0.002 -23"><span class='ocrx_word' id='word_1_241' title='bbox 108 3574 260 3655; x_wconf 87' lang='lat' dir='ltr'><strong>apparet,</strong></span> <span class='ocrx_word' id='word_1_242' title='bbox 289 3573 462 3656; x_wconf 86' lang='lat' dir='ltr'><strong>praecipue</strong></span> <span class='ocrx_word' id='word_1_243' title='bbox 489 3593 529 3639; x_wconf 87' lang='lat' dir='ltr'><strong>ex</strong></span> <span class='ocrx_word' id='word_1_244' title='bbox 550 3575 728 3658; x_wconf 88' lang='lat' dir='ltr'><strong>fragmento</strong></span> <span class='ocrx_word' id='word_1_245' title='bbox 753 3579 801 3658; x_wconf 87' lang='lat'><strong>15,</strong></span> <span class='ocrx_word' id='word_1_246' title='bbox 824 3574 879 3640; x_wconf 91' lang='lat' dir='ltr'><strong>ubi</strong></span> <span class='ocrx_word' id='word_1_247' title='bbox 901 3574 938 3638; x_wconf 86' lang='grc' dir='ltr'><strong>Τ.</strong></span> <span class='ocrx_word' id='word_1_248' title='bbox 955 3573 1121 3650; x_wconf 80' lang='lat' dir='ltr'><strong>Quinctius</strong></span> <span class='ocrx_word' id='word_1_249' title='bbox 1143 3574 1253 3639; x_wconf 88' lang='lat' dir='ltr'><strong>consul</strong></span> 
     </span>
     <span class='ocr_line' id='line_1_33' title="bbox 109 3667 1252 3761; baseline 0.001 -24"><span class='ocrx_word' id='word_1_250' title='bbox 109 3691 264 3738; x_wconf 88' lang='lat' dir='ltr'><strong>annorum</strong></span> <span class='ocrx_word' id='word_1_251' title='bbox 288 3675 349 3736; x_wconf 84' lang='lat'><strong>323</strong></span> <span class='ocrx_word' id='word_1_252' title='bbox 373 3679 405 3738; x_wconf 88' lang='lat' dir='ltr'><strong>et</strong></span> <span class='ocrx_word' id='word_1_253' title='bbox 427 3677 488 3739; x_wconf 83' lang='grc'><strong>326</strong></span> <span class='ocrx_word' id='word_1_254' title='bbox 510 3677 690 3761; x_wconf 86' lang='lat' dir='ltr'><strong>appellatur</strong></span> <span class='ocrx_word' id='word_1_255' title='bbox 714 3667 866 3743; x_wconf 82' lang='lat' dir='ltr'><strong>‘Poenus&#39;</strong></span> <span class='ocrx_word' id='word_1_256' title='bbox 892 3674 973 3751; x_wconf 83' lang='lat' dir='ltr'><strong>(Liu.</strong></span> <span class='ocrx_word' id='word_1_257' title='bbox 991 3678 1020 3758; x_wconf 86' lang='grc'><strong>4,</strong></span> <span class='ocrx_word' id='word_1_258' title='bbox 1037 3677 1077 3738; x_wconf 82' lang='grc'><strong>26</strong></span> <span class='ocrx_word' id='word_1_259' title='bbox 1101 3680 1134 3741; x_wconf 92' lang='lat' dir='ltr'><strong>et</strong></span> <span class='ocrx_word' id='word_1_260' title='bbox 1154 3678 1206 3752; x_wconf 86' lang='lat'><strong>30)</strong></span> <span class='ocrx_word' id='word_1_261' title='bbox 1220 3678 1252 3759; x_wconf 86' lang='lat'><strong>¹),</strong></span> 
     </span>
     <span class='ocr_line' id='line_1_34' title="bbox 108 3775 1251 3861; baseline 0.003 -23"><span class='ocrx_word' id='word_1_262' title='bbox 108 3780 177 3839; x_wconf 88' lang='lat' dir='ltr'><strong>tum</strong></span> <span class='ocrx_word' id='word_1_263' title='bbox 199 3794 241 3840; x_wconf 85' lang='lat' dir='ltr'><strong>ex</strong></span> <span class='ocrx_word' id='word_1_264' title='bbox 262 3776 441 3858; x_wconf 87' lang='lat' dir='ltr'><strong>fragmento</strong></span> <span class='ocrx_word' id='word_1_265' title='bbox 465 3781 514 3861; x_wconf 86' lang='grc'><strong>16,</strong></span> <span class='ocrx_word' id='word_1_266' title='bbox 542 3778 597 3844; x_wconf 92' lang='lat' dir='ltr'><strong>ubi</strong></span> <span class='ocrx_word' id='word_1_267' title='bbox 619 3780 656 3844; x_wconf 81' lang='grc' dir='ltr'><strong>Τ.</strong></span> <span class='ocrx_word' id='word_1_268' title='bbox 672 3777 856 3856; x_wconf 90' lang='lat' dir='ltr'><strong>Quinctium</strong></span> <span class='ocrx_word' id='word_1_269' title='bbox 877 3778 1032 3861; x_wconf 89' lang='lat' dir='ltr'><strong>Poenum,</strong></span> <span class='ocrx_word' id='word_1_270' title='bbox 1063 3775 1251 3844; x_wconf 89' lang='lat' dir='ltr'><strong>dictatorem</strong></span> 
     </span>
    </p>
   </div>
   <div class='ocr_carea' id='block_1_3' title="bbox 106 4003 1250 4237">
    <p class='ocr_par' dir='ltr' id='par_1_8' title="bbox 106 4003 1250 4237">
     <span class='ocr_line' id='line_1_35' title="bbox 196 4003 1250 4078; baseline 0.005 -18"><span class='ocrx_word' id='word_1_271' title='bbox 196 4011 220 4072; x_wconf 87' lang='lat'><strong>1)</strong></span> <span class='ocrx_word' id='word_1_272' title='bbox 237 4008 308 4064; x_wconf 83' lang='lat' dir='ltr'><strong>Eum</strong></span> <span class='ocrx_word' id='word_1_273' title='bbox 325 4025 359 4065; x_wconf 88' lang='lat' dir='ltr'><strong>ex</strong></span> <span class='ocrx_word' id='word_1_274' title='bbox 376 4008 481 4064; x_wconf 93' lang='lat' dir='ltr'><strong>dnobus</strong></span> <span class='ocrx_word' id='word_1_275' title='bbox 498 4012 654 4067; x_wconf 89' lang='lat' dir='ltr'><strong>auctoribus</strong></span> <span class='ocrx_word' id='word_1_276' title='bbox 671 4027 688 4067; x_wconf 90' lang='lat' dir='ltr'><strong>a</strong></span> <span class='ocrx_word' id='word_1_277' title='bbox 704 4012 783 4067; x_wconf 89' lang='lat' dir='ltr'><strong>Liuio</strong></span> <span class='ocrx_word' id='word_1_278' title='bbox 800 4009 935 4077; x_wconf 86' lang='lat' dir='ltr'><strong>adhibitis,</strong></span> <span class='ocrx_word' id='word_1_279' title='bbox 953 4009 999 4078; x_wconf 90' lang='lat' dir='ltr'><strong>qni</strong></span> <span class='ocrx_word' id='word_1_280' title='bbox 1012 4003 1120 4067; x_wconf 82' lang='lat' dir='ltr'><strong>‘Poeni&#39;</strong></span> <span class='ocrx_word' id='word_1_281' title='bbox 1138 4013 1250 4067; x_wconf 84' lang='lat' dir='ltr'><strong>exhibu-</strong></span> 
     </span>
     <span class='ocr_line' id='line_1_36' title="bbox 106 4089 1146 4165; baseline 0.01 -21"><span class='ocrx_word' id='word_1_282' title='bbox 106 4089 160 4144; x_wconf 89' lang='lat' dir='ltr'><strong>erit</strong></span> <span class='ocrx_word' id='word_1_283' title='bbox 178 4104 331 4159; x_wconf 82' lang='lat' dir='ltr'><strong>coguomen‚</strong></span> <span class='ocrx_word' id='word_1_284' title='bbox 349 4093 473 4150; x_wconf 87' lang='lat' dir='ltr'><strong>Macrum</strong></span> <span class='ocrx_word' id='word_1_285' title='bbox 491 4109 557 4162; x_wconf 88' lang='lat' dir='ltr'><strong>esse,</strong></span> <span class='ocrx_word' id='word_1_286' title='bbox 575 4095 724 4152; x_wconf 88' lang='lat' dir='ltr'><strong>luculenter</strong></span> <span class='ocrx_word' id='word_1_287' title='bbox 741 4098 820 4153; x_wconf 89' lang='lat' dir='ltr'><strong>dooet</strong></span> <span class='ocrx_word' id='word_1_288' title='bbox 837 4095 913 4152; x_wconf 89' lang='lat' dir='ltr'><strong>locus</strong></span> <span class='ocrx_word' id='word_1_289' title='bbox 930 4097 1002 4152; x_wconf 87' lang='lat' dir='ltr'><strong>Liuii</strong></span> <span class='ocrx_word' id='word_1_290' title='bbox 1020 4102 1044 4164; x_wconf 86' lang='grc'><strong>4,</strong></span> <span class='ocrx_word' id='word_1_291' title='bbox 1063 4101 1103 4165; x_wconf 81' lang='lat'><strong>20,</strong></span> <span class='ocrx_word' id='word_1_292' title='bbox 1123 4104 1146 4154; x_wconf 85' lang='grc'><strong>8.</strong></span> 
     </span>
     <span class='ocr_line' id='line_1_37' title="bbox 994 4184 1047 4237; baseline -0.019 0"><span class='ocrx_word' id='word_1_293' title='bbox 994 4184 1047 4237; x_wconf 82' lang='grc'><strong>14*</strong></span> 
     </span>
    </p>
   </div>
   <div class='ocr_carea' id='block_1_4' title="bbox 0 0 1558 4902">
    <p class='ocr_par' dir='ltr' id='par_1_9' title="bbox 0 0 1558 4902">
     <span class='ocr_line' id='line_1_38' title="bbox 0 0 1558 4902; baseline 0 8"><span class='ocrx_word' id='word_1_294' title='bbox 0 0 1558 4902; x_wconf 95' lang='lat' dir='ltr'><strong> </strong></span> 
     </span>
    </p>
   </div>
  </div>
 </body>
</html>
