3108 4902
432 304 473 360 De
488 304 568 362 lastis
586 303 772 360 consularibus
790 305 991 376 antiquissimis.
1221 307 1283 368 209

136 479 209 546 bus.
245 478 330 544 Nam
349 477 448 561 ipsius
463 477 705 561 antiquissimae
719 478 834 545 aetatis
856 479 1039 546 consulibus
1061 480 1189 563 singula
1210 501 1284 565 cog·

137 579 271 644 nomina
299 579 367 646 fere
396 580 478 646 solet
505 578 702 663 adscribere,
738 600 810 647 oum
839 579 915 646 inde
944 580 985 646 ab
1012 601 1096 647 anno
1118 602 1148 647 u.
1171 603 1199 649 ο.
1223 584 1283 647 327

137 681 300 747 rarissime
329 687 451 747 tantum
472 688 563 746 terna
585 682 749 748 consulum
775 682 922 765 legantur
943 684 1082 748 nomina.
1127 684 1177 750 Ab
1200 704 1283 751 anno

138 783 202 846 263
224 793 324 866 usque
346 782 390 849 ad
409 802 527 848 annum
544 785 605 847 327
628 784 755 850 omnino
777 790 903 850 centum
926 784 1040 867 uiginti
1062 790 1126 851 tres
1148 806 1284 853 comme·
1377 856 1381 863 ,

139 890 245 951 morat
266 884 427 952 Diodorus
450 886 596 952 eonsules
620 890 651 950 et
672 886 815 965 mounes
838 887 992 953 militares
1015 887 1173 953 consulari
1196 896 1285 971 pote-

139 992 277 1052 state-
292 993 420 1071 praeter
435 985 634 1054 decemuiros
650 992 802 1071 -atque
818 1008 859 1054 ex
881 986 932 1056 his
954 988 1124 1071 sexaginta
1146 990 1285 1073 quinque

140 1087 260 1154 habent
289 1090 496 1173 cognomina,
524 1090 756 1174 quinquaginta
778 1095 849 1156 octo
871 1110 944 1156 non.
985 1090 1064 1156 Post
1084 1110 1202 1156 annum
1224 1093 1285 1154 327

138 1195 256 1273 autem,
278 1209 379 1273 usque
401 1189 444 1256 ad
465 1211 582 1257 annum
604 1194 666 1254 452
689 1210 730 1257 ex
759 1192 908 1258 trecentis
930 1190 1084 1258 tredecim
1105 1190 1286 1259 hominibus

140 1297 264 1374 septem
286 1297 407 1357 tantum
430 1313 501 1359 oum
517 1293 757 1376 cognominibus
773 1291 974 1377 exhibentur,
996 1293 1119 1359 scilicet
1141 1295 1287 1361 consules

139 1412 294 1459 annorum
318 1394 378 1458 388
401 1391 559 1471 (Λεύκιος
579 1390 745 1475 Αἰμίλιος
764 1391 962 1480 Μάμερκος,
985 1392 1131 1471 Λούκιος
1154 1392 1288 1470 Σέξτιος

140 1495 325 1576 Λατερὶας)
348 1499 380 1558 et
402 1496 463 1558 395
488 1491 641 1578 (Μάρκος
662 1492 819 1570 Πόπλιος
838 1493 1023 1582 Λαινάτης,
1048 1499 1079 1559 Γ
1075 1499 1169 1572 οοιίος
1191 1499 1287 1560 Μοι-

138 1595 253 1678 μίλιος
270 1586 500 1680 Ἰμιιεριιῦσος)
509 1597 542 1678 1),
568 1602 635 1661 tum
656 1596 692 1661 L.
713 1596 849 1664 Manlius
872 1599 1052 1683 Torquatus
1064 1602 1087 1674 2)
1109 1600 1201 1666 annis
1225 1602 1287 1662 416
1348 1674 1352 1679 ,

141 1704 175 1765 et
197 1701 259 1760 414
281 1703 377 1780 atque
400 1698 471 1765 Tib.
488 1697 644 1764 Aemilius
665 1697 843 1764 Mamercus
866 1702 976 1766 consul
999 1703 1099 1779 415.³)

228 1934 252 1998 1)
269 1929 393 1995 Nomina,
411 1944 479 1999 quae
496 1930 580 1986 tradit
597 1929 739 1986 consulum
750 1929 934 1986 Romanorum
951 1930 1093 1998 Diodorus,
1111 1931 1239 2001 pleraque
1256 1947 1289 1986 ea

139 2015 231 2071 scribo
252 2015 354 2084 forma,
376 2030 430 2085 qua
453 2014 613 2071 exhibentur
634 2016 663 2070 in
685 2016 917 2085 praestantissimo
941 2016 1035 2072 codice
1056 2017 1170 2072 Patmio.
1206 2017 1289 2072 euius

139 2101 270 2156 lectiones
287 2102 379 2156 uarias
395 2101 588 2156 humanissime
604 2115 708 2156 mecum
732 2101 943 2156 communicauit
959 2102 1115 2158 Fridericus
1131 2102 1230 2172 Vogel,
1248 2102 1290 2157 fu-

140 2191 219 2241 turus
231 2186 343 2241 Diodori
361 2187 455 2252 editor,
474 2186 518 2241 cui
534 2187 587 2241 hoo
605 2201 711 2256 quoque
727 2188 788 2242 loco
805 2202 857 2256 ago
874 2187 984 2256 gratias.

229 2274 254 2336 2)
272 2270 427 2338 Torquatus
440 2285 471 2324 eo
484 2285 590 2340 quoque
602 2287 619 2325 a
629 2271 740 2339 reliquis
759 2272 915 2327 consulibus
933 2272 1029 2337 differt,
1048 2272 1121 2342 quod
1138 2272 1290 2327 aDiodoro

140 2359 195 2423 (16,
208 2358 250 2421 96)
270 2359 379 2423 praeter
402 2355 460 2409 eius
481 2356 702 2410 consuetudinem
720 2356 764 2419 (cl.
782 2357 815 2409 E.
832 2356 935 2426 Meyer,
954 2357 1133 2412 aleturque.
1150 2356 1292 2424 XXXVII,

140 2457 171 2510 p.
182 2441 242 2506 613)
257 2438 287 2492 in
304 2438 461 2493 enarrandis
478 2438 561 2493 rebus
579 2440 674 2493 consul
686 2440 793 2494 nomine
810 2440 910 2494 dicitur
921 2445 1003 2510 atque
1013 2441 1084 2496 bello
1101 2441 1179 2496 finito
1196 2443 1291 2496 trium·

139 2525 241 2594 phasse
257 2524 380 2578 refertur.
852 2523 853 2526 ’

229 2612 254 2675 3)
272 2608 418 2663 Praeterea
434 2608 463 2662 in
480 2607 632 2663 tribuniciis
649 2607 818 2676 potissimum
834 2608 953 2674 collegiis
971 2608 1079 2664 codices
1088 2609 1217 2664 exhibent
1225 2610 1292 2664 Dio·

143 2694 219 2749 dorei
236 2696 264 2749 et
281 2693 440 2761 cognomina
452 2692 584 2762 quaedam
595 2694 623 2747 et
637 2692 746 2747 nomina
759 2692 901 2748 admodum
914 2698 1049 2763 suspecta,
1067 2692 1184 2750 scilicet:
1202 2691 1293 2761 Γάϊος

144 2779 290 2844 Μέτελλος
307 2780 366 2844 322,
387 2777 535 2847 Τερέντιος
553 2773 686 2847 Μάξιμος
700 2781 759 2844 348,
775 2770 889 2844 Ἰούνιος
901 2774 1085 2846 Λούκουλλος
1102 2783 1161 2845 356,
1179 2783 1294 2847 Παῦλος

143 2863 270 2930 Σέξστος
288 2867 345 2928 353,
364 2858 491 2928 Κλώδιος
509 2857 607 2933 Οάγων
624 2868 652 2917 et
670 2859 784 2936 Μάριος
795 2859 907 2930 Ἄππιος
925 2868 983 2931 356,
1001 2865 1179 2931 Σέξστος...
1199 2863 1294 2939 Κράσ-

143 2968 196 3014 σος
212 2953 271 3014 359,
296 2947 419 3014 Σέξστος
437 2946 558 3013 Κὲνσιος
575 2952 603 3002 et
618 2940 732 3013 Κνίτιος
750 2944 893 3017 Κάμιλλος
911 2953 969 3014 357,
993 2946 1107 3015 Κάτλος
1123 2953 1217 3021 Βῆρος
1234 2955 1293 3016 366,

145 3030 244 3106 Οάγων
261 3038 295 3088 et·
306 3032 431 3099 Σέξστος
447 3027 550 3098 {dulcor
572 3038 600 3086 et
620 3027 710 3096 Γάιος
729 3029 862 3102 Μάρκιος
880 3037 944 3099 364,
968 3030 1059 3104 Ἄγκος
1077 3038 1136 3100 366,
1162 3037 1295 3107 Κρίσπος

144 3124 203 3185 371,
226 3114 337 3192 Φάβιος
352 3113 448 3191 luco,
472 3121 530 3171 372.
566 3117 640 3185 Quae
663 3117 753 3171 omnia
776 3118 869 3172 deesse
891 3116 921 3171 in
937 3116 1043 3172 Patmio
1066 3134 1128 3172 oum
1152 3119 1294 3174 certiorem

142 3219 187 3258 me
201 3202 288 3256 faciat
305 3203 398 3271 Vogel,
415 3202 541 3257 minimae
558 3217 616 3256 esse
634 3201 805 3256 auctoritatis
823 3209 1036 3270 cognoscuntur,
1055 3204 1214 3272 praesertim
1232 3219 1293 3258 oum

142 3287 197 3343 illis
215 3287 304 3353 annis,
328 3303 395 3356 quos
412 3302 503 3342 errore
519 3285 562 3341 bis
580 3286 665 3341 refert
681 3285 831 3354 Diodorus,
849 3290 999 3355 360-364,
1020 3303 1074 3343 non
1098 3292 1213 3358 utroque
1232 3289 1293 3343 loco

144 3370 240 3427 eadem
256 3370 303 3425 illa
319 3371 499 3426 inueniuntur.
532 3371 595 3426 Alia
612 3372 720 3426 omnino
738 3386 793 3426 nou
810 3377 874 3426 sunt
890 3372 999 3427 nomina
1010 3371 1134 3427 Romana
1144 3368 1293 3445 ntodyoc,

140 3454 260 3522 Ἄνινος,
276 3452 384 3527 Ἄγκος,
405 3457 459 3511 alia
479 3457 570 3525 potius
592 3456 685 3526 primis
702 3462 766 3527 post
783 3456 918 3512 Christum
939 3461 1035 3511 natum
1057 3457 1173 3513 saeculis
1195 3457 1225 3512 in
1241 3475 1293 3513 usu

143 3542 256 3597 sumunt
273 3555 306 3594 ao
323 3540 430 3595 minime
441 3542 532 3610 quarti
543 3542 619 3596 urbis
631 3541 756 3597 conditae
768 3542 871 3596 saeculi
883 3542 1047 3597 conueniunt
1063 3542 1293 3609 nomenclaturae,

146 3626 278 3695 quaedam
297 3629 360 3679 sunt
376 3627 486 3680 nomina
502 3626 648 3692 hominum,
666 3643 734 3695 quos
751 3626 875 3681 nouimus
892 3627 990 3682 aetatis
1006 3625 1065 3680 fere
1079 3625 1227 3681 Domitiani
1243 3627 1293 3682 im·

145 3710 287 3780 peratoris.
322 3703 463 3765 Claudium
480 3710 550 3764 enim
567 3709 733 3778 Capitonem,
754 3726 833 3778 quem
848 3709 919 3765 falso
937 3710 1074 3764 tribunum
1091 3709 1213 3766 referunt
1229 3713 1294 3768 anni

147 3799 197 3850 352
221 3794 327 3850 codices
351 3793 490 3862 Diodorei,
519 3799 709 3850 commemorat
734 3795 837 3850 Plinius
863 3795 950 3850 minor
976 3797 1125 3863 (ep.6,13)
1149 3801 1294 3864 patronum

146 3880 332 3950 Bithynorum.
355 3878 429 3933 Idem
440 3879 544 3934 Plinius
555 3877 686 3948 epistulas
697 3879 779 3933 mittit
795 3884 819 3943 1,
828 3881 860 3934 22
874 3885 901 3935 et
912 3884 961 3946 s,1
975 3879 1072 3936 Catilio
1084 3881 1185 3937 Seuero
1197 3883 1292 3951 amico,

147 3969 230 4032 atque
242 3966 322 4021 huius
334 3978 441 4035 qnoque
451 3979 550 4019 nomen
561 3963 631 4019 redit
642 3964 715 4034 apud
726 3963 876 4018 Diodorum
888 3979 959 4019 anno
975 3968 1025 4020 366
1043 3961 1170 4032 (Κάτλος
1181 3971 1293 4040 Βῆρος)

150 4049 266 4118 denique
277 4050 431 4105 Terentium
443 4047 599 4117 Maximum,
617 4049 663 4119 qui
680 4048 750 4104 inter
764 4047 889 4106 tribunos
904 4049 968 4105 anui
980 4054 1029 4105 348
1046 4050 1152 4120 legitur,
1170 4053 1295 4108 nouimus
