3108 4902
274 307 335 368 196
693 305 834 362 Corradus
852 306 993 362 Cichorius

271 481 386 566 probo,
409 477 496 562 quod
517 398 822 663 Matium*
837 477 922 545 hunc
944 478 1085 545 Craecos
1113 498 1241 563 qnoque
1263 483 1375 559 fastos)
1399 483 1427 550 si

272 603 338 649 non
360 602 402 648 ex
425 601 463 647 55
485 581 638 646 fastorum
790 601 915 646 morum
944 582 1102 665 exemplo,
1132 583 1222 648 cuius
1244 602 1303 649 nos
1327 583 1427 650 habe·

273 704 343 751 mus
365 702 559 749 marmorum
574 682 763 765 fragmenta,
785 688 893 748 tamen
909 702 950 749 ex
965 684 1062 766 plane
1081 684 1220 765 gemello
1241 691 1334 768 putat
1356 706 1427 754 esse

276 791 454 869 excerptos,
471 784 534 850 hoc
549 819 591 830 -
606 790 640 849 51
654 783 735 849 mihi
750 784 934 850 uidetur-
955 785 1114 851 adductus
1136 793 1305 871 momento,
1329 789 1426 871 quod,

276 909 359 972 quae
381 892 509 954 exstant
522 886 610 970 apud
624 885 799 960 Idatium1)
815 887 1016 971 cognomina,
1039 888 1106 953 fere
1121 888 1229 954 omnia
1243 889 1379 955 redeunt
1392 892 1426 956 in

273 992 364 1056 lastis
387 988 587 1074 Capitolinis.
617 988 677 1055 Cui
691 994 797 1055 tamen
811 990 873 1054 oiri
888 989 1138 1071 praeclarissimi
1154 992 1331 1057 sententiae
1347 993 1426 1059 satis

274 1093 374 1158 multa
396 1092 539 1174 obstant,
569 1091 687 1175 quibus
708 1090 918 1158 consideratis
946 1092 1046 1157 fastos
1070 1091 1234 1158 Idatianos
1262 1091 1345 1159 duco
1367 1113 1426 1177 pro

273 1196 426 1261 fastorum
447 1194 633 1259 recensione
655 1194 752 1277 plane
774 1191 905 1258 diuersa
925 1213 946 1258 a
967 1193 1158 1277 Capitolina

358 1297 501 1361 Primum
522 1295 641 1360 habere
656 1295 795 1361 Idatium
811 1294 971 1377 quaedam
986 1296 1179 1378 cognomina
1200 1296 1264 1361 sibi
1284 1298 1424 1380 propria,

273 1419 356 1481 quae
378 1420 443 1465 non
464 1400 612 1482 leguntur
633 1400 668 1463 in
688 1396 796 1464 indice
813 1396 1004 1481 Capitolino,
1026 1399 1098 1480 ipse
1119 1405 1228 1463 monet
1248 1397 1426 1464 Mommsen

272 1507 369 1584 atque
381 1507 546 1567 enumerat
558 1500 654 1567 baec:
668 1491 845 1565 ‘Albinum'
858 1500 998 1565 consulis
1010 1502 1072 1563 492
1084 1491 1278 1583 t‘llegellus'
1289 1500 1424 1567 infestis

274 1602 487 1686 Capitolinis),
507 1592 680 1685 ‘Longum'
699 1602 850 1667 5551511
869 1591 1023 1674 t‘Gallns'
1044 1600 1170 1686 Capit),
1190 1592 1342 1683 ‘Rugam'
1362 1605 1424 1665 529

272 1724 312 1770 55
327 1706 388 1768 526
404 1705 493 1768 -15
506 1703 675 1788 Chronico,
692 1704 845 1771 omissum
859 1704 901 1768 ab
913 1702 1019 1768 Idatio
1035 1736 1077 1747 -
1089 1695 1286 1780 (‘Maximus'
1298 1703 1426 1789 Capit),

271 1797 475 1871 ‘Maximum’
496 1808 557 1870 528
585 1807 644 1884 (sic
665 1804 764 1871 habet
786 1805 967 1871 Chronieon
988 1803 1156 1888 Paschale‚
1178 1805 1267 1889 apud
1287 1805 1428 1872 Idatium

271 1901 426 1974 ‘Maximo
454 1898 620 1990 Messala’,
650 1898 827 1975 ‘Messalla'
854 1906 987 1990 Capit.);
1015 1907 1130 1990 quibus
1160 1906 1311 1989 equidem
1338 1906 1426 1974 addo

270 2001 476 2076 ‘Samnitem
497 2015 569 2092 446,
592 2011 648 2077 ubi
671 2029 831 2075 marmora
846 2008 1029 2093 Capitolina
1047 2008 1167 2075 babent
1185 2000 1380 2075 ‘Libonem'.

315 2134 318 2146 ¹
358 2113 442 2177 Tum
463 2112 561 2195 plane
587 2112 685 2177 aliam
712 2117 809 2194 51555
837 2112 912 2177 lasti
934 2110 1109 2194 Capitolini
1137 2112 1280 2193 seqnitur
1301 2111 1426 2180 Idatius

273 2216 460 2281 memoriam
492 2215 526 2280 in
554 2213 751 2299 appellando
777 2214 815 2291 Q.
838 2213 941 2280 Fabio
970 2214 1130 2298 Maximo,
1159 2215 1290 2280 consule
1318 2216 1426 2282 sexies
1540 2276 1541 2279 ,

143 2395 147 2402 ,
272 2316 348 2382 1515
370 2316 412 2381 ab
435 2336 519 2382 anno
534 2314 663 2397 43251
683 2336 802 2381 annum
818 2319 890 2380 459.
925 2314 1027 2392 Quem
1050 2336 1123 2382 oum
1144 2317 1178 2381 in
1196 2317 1315 2384 tabulis
1331 2317 1426 2402 Capi·
1540 2318 1541 2325 ’

274 2421 383 2487 1511515
406 2420 509 2496 (annis
531 2421 605 2503 439,
628 2422 701 2501 444,
724 2421 796 2501 446,
820 2422 894 2499 459,
917 2420 979 2480 459
1002 2418 1089 2483 etin
1111 2419 1203 2484 fastis
1225 2419 1425 2509 triumphali-

273 2525 334 2591 bus
349 2525 422 2606 432,
438 2527 511 2606 445,
528 2525 603 2597 459)
622 2527 755 2586 uocetur
773 2510 981 2603 ‘Rullianus',
1004 2518 1424 2605 115115565555155515511,

273 2626 456 2708 ubicunque
495 2628 645 2706 apparet,
673 2623 840 2706 appellant
864 2611 1031 2686 ‘Rullum’.
1082 2622 1198 2704 Neque
1228 2642 1333 2688 errore
1363 2623 1426 2690 hoc

274 2727 497 2808 semiactum,
521 2724 580 2789 sed
600 2744 715 2789 reuera
737 2723 900 2789 exstitisse
916 2724 949 2787 15
971 2722 1164 2805 quibusdam
1178 2725 1319 2791 lontibus
1342 2725 1426 2792 hanc

272 2828 411 2893 nominis
433 2827 568 2891 formam
592 2859 633 2870 —
656 2845 752 2907 quam
778 2825 964 2908 primariam
992 2824 1076 2892 duco
1098 2828 1256 2893 uericrem
1279 2826 1428 2893 deriuata

273 2929 331 2995 illa
349 2919 516 2994 ‘Rulliani’
531 2964 573 2974 -
594 2926 671 2992 inde
690 2929 808 3010 elucet,
839 2927 926 3009 quod
953 2935 1122 3011 praeterea
1148 2930 1306 3011 reperitur
1329 2931 1427 2996 etiam

273 3029 361 3115 apud
375 3029 503 3094 Liuium
520 3032 583 3111 (24,
599 3032 618 3093 9
635 3035 667 3094 51
682 3032 732 3113 39,
745 3029 809 3113 26),
832 3028 1019 3096 Ciceronem
1035 3031 1130 3109 (Phil.
1148 3036 1177 3113 5,
1196 3035 1245 3114 17,
1262 3031 1325 3114 48),
1350 3030 1427 3097 Cas·
1533 3104 1534 3107 Ἴ

273 3135 355 3200 sium
371 3133 509 3198 Dionem
525 3133 595 3214 (lrg.
612 3132 675 3214 35),
698 3131 857 3198 Zonaram
872 3135 913 3215 (7,
925 3134 966 3195 26
983 3134 1114 3215 518,1),
1136 3133 1324 3199 Frontinum
1339 3135 1381 3217 (2,
1393 3134 1427 3210 4)

274 3242 305 3301 51
326 3233 656 3301 Pseudo-Frontinum
678 3237 720 3314 (4,
739 3238 767 3316 1,
785 3235 848 3312 39).

357 3336 439 3402 Item
462 3355 534 3402 cum
555 3336 646 3402 lastis
662 3335 853 3420 Capitolinis
870 3336 1176 3419 discrepatldatius
1198 3338 1232 3402 in
1254 3335 1427 3404 scribendo

273 3440 462 3522 cognomine
485 3439 625 3504 consulis
647 3437 702 3522 Sp.
723 3438 879 3505 Postumii
895 3439 957 3502 288
972 3458 1003 3503 5.
1016 3459 1054 3522 5.,
1077 3459 1172 3522 quem
1195 3439 1427 3506 5555511515-
1529 3522 1530 3525 Ἴ

272 3541 324 3606 155
347 3539 550 3625 Capitolinae
569 3531 815 3623 ‘Regillensem'
834 3539 1019 3611 (secundum
1038 3538 1325 3624 Chronographum
1347 3542 1429 3606 anni

274 3645 352 3726 3543
387 3643 426 3708 51.
448 3641 586 3727 Capitol.
609 3643 872 3725 535151388),
900 3642 1024 3709 Idatius
1051 3648 1158 3709 autem
1177 3633 1424 3725 ‘Regillianum’

272 3738 527 3826 (Payctiravoe),
557 3744 670 3810 eadem
698 3744 839 3827 ratione,
867 3764 930 3827 qua
958 3745 991 3809 in
1014 3743 1151 3811 Claudia
1173 3764 1301 3828 quoque
1328 3749 1429 3828 gente

274 3898 476 3908 ---.—-——

359 3977 383 4043 1)
400 3976 561 4045 Ubicunque
585 3977 657 4031 infra
675 3977 888 4033 commemorabo
906 3977 1036 4044 Idatium,
1062 3979 1140 4034 simul
1158 3977 1278 4034 Graecos
1297 3977 1430 4033 Chroniei
1511 4018 1512 4023 η

270 4061 410 4116 Paschalis
428 4061 489 4117 dico
506 4061 595 4117 fastos
613 4061 777 4118 consulares.
