3108 4902
410 329 451 385 De
467 329 544 385 tantm
562 328 748 386 consularibus
765 329 962 399 antiquissimis.
1196 333 1256 392 245

121 514 153 574 et
174 493 367 573 Flaminiuo’
385 501 453 569 siue
480 501 577 569 dubio
599 503 641 567 ab
674 501 910 586 imperitissimo
944 504 1102 588 epitomae
1130 510 1259 573 auctore

120 612 298 692 corruptum
313 609 363 672 est
377 625 418 670 ex
430 604 552 671 uerbis:
565 598 614 683 Ὦ.
629 602 806 670 Caecilius.
819 604 841 669 f.
854 654 861 670 .
874 626 904 671 n.
917 605 1063 672 Metellus
1079 607 1133 689 qui
1147 614 1260 692 postea

118 708 302 776 Balearicus
324 706 518 791 appellat.
540 697 588 789 e.',
617 706 728 787 quales
755 711 847 772 notas
874 706 980 773 multis
1007 708 1085 773 locis
1113 708 1258 776 uidemus

119 810 297 896 adscriptas
325 807 505 875 nominibus
533 806 566 872 in
594 807 712 874 tabulis
735 807 931 891 Capitolinis.
975 808 1086 889 ltaque
1115 810 1179 874 iam
1200 832 1258 894 pro

119 920 205 981 carto
233 930 327 997 posse
348 908 445 975 statui
466 913 552 994 puto,
575 908 661 990 quod
681 908 820 974 affirmat
840 910 1025 994 Mommsen,
1048 909 1189 978 eiusdem
1210 931 1258 978 re·

119 1015 284 1097 censionis,
307 1011 397 1079 cuius
411 1010 565 1078 habemus
580 1012 679 1078 fastos
694 1009 899 1095 Capitolinos,
922 1013 1057 1078 alteram
1079 1013 1259 1097 exemplum

118 1136 189 1184 esse
210 1115 311 1181 fastos
327 1112 576 1197 chronographi.
613 1114 649 1178 ln
671 1133 710 1179 eo
733 1131 859 1194 quoque
881 1113 1057 1197 adstipulor
1079 1113 1148 1180 uiro
1170 1114 1258 1180 illus·

117 1219 265 1301 trissimo,
289 1214 374 1298 quod
396 1236 435 1282 cx
456 1216 544 1300 ipsis,
567 1233 649 1297 quac
671 1222 798 1281 seruata
819 1214 924 1281 adhuc
945 1222 1028 1299 suut,
1051 1215 1259 1284 marmoribus

116 1322 247 1388 tinxisse
270 1337 326 1385 eos
340 1324 446 1401 negat,
469 1317 527 1382 scd
540 1316 657 1402 petitos
673 1336 743 1384 csse
762 1337 802 1384 ex
816 1317 960 1401 pleniore
982 1318 1089 1401 aliquo
1112 1318 1259 1402 exemplo

116 1423 203 1490 dicit
248 1420 344 1487 (iuius
372 1420 418 1487 rei
446 1424 543 1485 testes
564 1419 683 1502 profert
705 1419 893 1502 cognomina
913 1418 1044 1503 aliquot,
1074 1439 1156 1501 quae
1188 1439 1260 1486 cum

117 1524 223 1591 desint
250 1522 284 1586 in
314 1521 467 1589 laterculo
490 1520 687 1604 Capitolino,
716 1521 906 1588 exhibentur
933 1544 954 1588 a
975 1521 1214 1608 chronographo
1229 1525 1259 1601 ¹).

116 1623 241 1692 Eadem
271 1623 392 1691 ratione
421 1621 622 1704 quaedama
650 1623 828 1688 tabularum
843 1624 1091 1709 Capitolinarum
1120 1622 1261 1709 lapicida

116 1727 200 1793 falso
223 1725 331 1807 incisa,
353 1730 439 1791 recte
459 1723 564 1791 reddit
576 1722 856 1808 chronographum
879 1744 982 1807 neque
1004 1727 1089 1792 euim
1111 1746 1187 1794 casu
1209 1748 1258 1794 ae

116 1826 204 1912 cidit,
227 1834 270 1910 ut,
293 1848 363 1894 oum
386 1827 418 1892 in
439 1845 596 1892 marmore
610 1827 754 1908 legamus
768 1847 883 1894 nomeu
897 1829 933 1893 P.
948 1828 1108 1894 Volumnii
1123 1830 1260 1896 consulis

118 1933 180 1995 293
201 1920 386 2015 ‘Amintin.',
402 1928 489 2012 apud
513 1927 794 2012 chronographum
816 1934 919 1994 exstet
938 1921 1144 2011 ‘Amentiuo',
1166 1949 1260 2013 quam

116 2037 252 2099 formam
274 2031 438 2099 confirmat
459 2029 629 2108 Diodorus,
657 2031 820 2097 consulem
842 2030 951 2098 dicens
973 2029 1149 2107 Πούπλιος
1175 2025 1260 2098 Oa'o-

116 2132 272 2216 λούμνιος
300 2126 492 2216 'asperatam

204 2235 388 2319 Descriptos
410 2234 506 2317 igitur
527 2233 662 2300 arbitror
683 2234 782 2301 fastos
798 2234 1037 2321 chronographi
1058 2236 1260 2321 exipsorum

118 2336 370 2421 Capitoliuarum
392 2334 572 2401 tabularum
593 2338 690 2420 fonte,
712 2336 758 2401 ita
779 2343 823 2419 ut,
847 2338 901 2403 ubi
922 2339 1081 2423 perierunt
1102 2358 1261 2405 marmora

117 2438 308 2522 Capitolina,
325 2457 365 2503 cx
382 2436 639 2520 Chronographo,
656 2455 738 2518 quac
754 2438 811 2502 illa
825 2437 1014 2505 tradiderint
1028 2438 1166 2523 nomina,
1189 2460 1260 2524 cog·

116 2560 295 2609 noscamus.

589 2657 791 2669 ......,....-.

497 2827 639 2895 CAPUT
662 2826 883 2895 SEPTIMUM

320 2977 379 3054 he
405 2979 627 3054 recensionis
657 2976 882 3078 Copc'tolcboc
907 2984 1054 3054 auctore

204 3164 282 3232 Cum
305 3165 362 3250 eis,
385 3185 467 3249 quae
490 3165 652 3246 hucusque
673 3164 818 3248 disserui,
841 3162 1034 3232 ostenderim
1056 3183 1119 3246 qua
1140 3165 1261 3232 ratione

117 3272 206 3334 ortos
240 3287 310 3333 csse
341 3275 451 3352 putem
485 3268 583 3333 fastos
610 3265 805 3350 Capitolinos
837 3272 934 3348 atque
966 3285 986 3331 a
1014 3266 1107 3333 docto
1135 3267 1261 3333 homine

117 3372 225 3435 aetate
240 3368 360 3435 liberae
374 3369 570 3454 reipublicae
585 3375 729 3436 extrema
750 3389 791 3435 cx
804 3368 937 3452 duabus,
961 3387 1044 3451 quac
1066 3368 1260 3436 circumfere-

117 3473 245 3552 bantur,
267 3470 418 3537 fastorum
440 3470 677 3538 recensionibns
698 3470 731 3535 in
749 3490 845 3537 unum
861 3488 932 3537 csse
946 3477 1073 3537 coactos
1088 3469 1261 3554 statuerim,

207 3658 230 3720 1)
249 3652 351 3720 Quibus
375 3653 445 3709 addo
468 3668 615 3723 cognomen
632 3653 708 3718 Rufi,
733 3654 804 3721 quod
827 3660 915 3709 exstat
931 3653 1004 3724 apud
1022 3653 1261 3722 chronographum

118 3739 237 3795 consulis
256 3738 313 3793 Ser.
324 3739 440 3793 Cornelii
449 3738 558 3793 Lentuli
575 3738 639 3810 anni
651 3743 716 3807 4513
734 3754 795 3792 nam
814 3753 974 3808 quamquam
982 3738 1092 3792 Henzen
1110 3744 1137 3792 et
1148 3738 1261 3793 Momm·

118 3839 167 3879 sen
184 3824 223 3888 (0.
233 3824 254 3878 1.
264 3823 296 3878 L.
315 3822 328 3875 1
345 3839 371 3891 p.
386 3826 445 3890 433,
465 3828 522 3888 445,
541 3825 601 3889 516)
622 3821 650 3875 in
673 3823 820 3890 fragmento
843 3822 995 3892 Capitolino
1012 3829 1074 3891 post
1092 3827 1260 3878 tfinsvtvs

118 3908 246 3977 supplent
259 3903 360 3963 ‘Rufus
366 3900 382 3974 ',
400 3911 490 3962 tamen
507 3909 534 3961 in
549 3907 639 3975 lapide
650 3924 684 3962 ne
693 3923 775 3962 unam
784 3909 889 3977 quidem
900 3909 1016 3963 litteram
1025 3912 1165 3977 praeterea
1174 3912 1261 3979 scrip·

122 4009 168 4049 am
188 3993 272 4048 fuisse
284 4009 315 4049 eo
330 3994 399 4062 loco,
417 3997 445 4047 et
453 3993 564 4059 Romae,
583 4008 644 4047 cum
659 3992 836 4047 describerem
848 3994 942 4059 fastos,
961 3994 1089 4049 adnotaui
1105 3996 1134 4050 in
1143 3996 1261 4063 margine

118 4080 148 4147 et
162 4093 235 4133 nunc
253 4094 286 4133 ex
302 4084 398 4150 ectypo
417 4077 559 4133 chartaceo
578 4093 720 4148 cognosco.
