3108 4902
271 291 333 352 100
697 288 839 347 conradus
856 288 997 345 dichorius

358 462 450 541 Quae
465 463 507 529 ab
523 463 669 530 omnibus
689 462 839 529 uidentur
859 462 1001 547 probari,
1023 481 1097 526 nam
1116 480 1210 527 nemo
1225 461 1424 529 Mommseno

274 572 324 635 est
347 566 513 632 oblocutus
535 570 631 647 atque
654 565 702 631 sic
723 564 852 646 accidit,
874 569 909 628 ut
930 562 1076 628 laterculi
1098 561 1194 628 Idatii
1210 568 1243 628 et
1257 563 1425 631 Paschelis

274 668 426 736 chronici
448 686 605 734 consensu
627 665 769 732 omnium
793 669 1043 746 contemnantur,
1066 684 1138 730 cum
1160 683 1254 730 nemo
1269 664 1425 731 adhiben-

273 770 349 837 dam
372 775 502 836 censeat
525 769 715 853 epitomum,
745 768 836 834 cuius
858 768 979 833 fontem
1003 771 1130 832 exstare
1157 772 1272 849 putant
1299 767 1425 834 tabulas

274 870 482 956 Capitolinas.
526 870 651 936 Tamen
673 869 779 935 facere
800 888 866 934 non
887 887 1035 951 possum,
1057 873 1093 933 ut
1114 869 1272 934 assentiar
1293 868 1424 934 Momm·

273 993 368 1056 sono,
398 993 474 1039 nam
495 991 600 1055 neque
622 971 722 1039 fastos
744 968 895 1037 chronici
917 967 1084 1035 Paschalis
1107 989 1149 1034 ex
1170 968 1291 1053 Idatio,
1319 989 1425 1052 neque

272 1074 436 1141 Idatianos
460 1093 502 1140 ex
524 1073 714 1157 Capitolinis
737 1072 908 1138 translatos
930 1089 1002 1137 esse
1024 1070 1169 1136 arbitror.

357 1177 465 1258 Atque
480 1180 516 1240 ut
529 1175 669 1258 primum
683 1174 853 1257 explicem,
876 1172 954 1257 quid
969 1172 1106 1239 sentiam
1124 1171 1166 1238 de
1186 1172 1309 1238 ratione
1330 1173 1425 1239 inter·

273 1277 408 1345 cedente
431 1278 514 1342 inter
535 1277 634 1343 fastos
656 1280 804 1359 receptos
826 1276 860 1340 in
882 1274 1079 1357 Chronioon,
1107 1293 1187 1357 quos
1212 1294 1272 1357 ego
1297 1294 1425 1357 quoque

274 1379 417 1446 Graecos
431 1378 572 1443 breuiter
587 1376 703 1459 dicam,
726 1382 759 1442 et
772 1375 905 1443 Latinos
919 1375 1026 1459 Idatii,
1048 1395 1113 1441 non
1127 1376 1233 1459 potuit
1247 1394 1288 1441 ex
1301 1375 1424 1442 Latinis

273 1478 509 1547 fastishaurire
525 1479 720 1545 Graecorum
735 1483 855 1561 auctor,
879 1479 1000 1562 quippe
1021 1478 1076 1560 qui
1091 1497 1155 1543 non
1168 1478 1260 1543 nulla
1274 1476 1425 1544 exhibeat

274 1587 331 1648 aut
352 1579 500 1666 pleniora
520 1585 576 1646 aut
597 1580 701 1645 minus
724 1584 873 1664 corrupta
895 1599 991 1662 quam
1019 1579 1119 1645 index
1140 1579 1284 1645 Latinus.
1328 1577 1424 1644 cuius

273 1684 322 1749 rei
343 1682 557 1749 firmissimum
578 1685 801 1764 argumentum
821 1687 879 1765 cst,
902 1681 990 1765 quod
1004 1701 1089 1748 anno
1104 1683 1166 1745 278
1181 1701 1213 1747 u.
1228 1701 1256 1747 ο.
1278 1683 1426 1765 leguntur

274 1785 441 1852 consulum
463 1784 593 1867 nomina
614 1784 648 1849 in
664 1782 797 1850 Graecis
819 1783 922 1866 fastis,
945 1803 1018 1855 oum
1040 1782 1146 1850 desint
1167 1782 1255 1867 apud
1277 1782 1425 1849 Idatium.

273 1887 357 1952 Tum
380 1887 413 1950 in
435 1886 528 1953 fustis
542 1885 668 1952 Latinis
682 1905 766 1951 anno
782 1887 844 1950 200
866 1885 984 1951 falsum
998 1885 1117 1968 legitur
1131 1886 1170 1950 Α.
1186 1885 1331 1969 Verginii
1354 1905 1426 1952 con-

274 1988 352 2054 sulis
380 2005 558 2070 cognomen
577 1979 744 2053 ‘Vitellino
765 1976 840 2070 111³,
870 1987 1042 2070 repetitum
1070 1993 1105 2052 ut
1133 1987 1247 2069 opinor
1275 2007 1318 2053 ex
1343 2007 1425 2053 anno

273 2091 436 2176 sequenti,
459 2089 493 2153 in
515 2088 640 2155 Graeco
661 2095 768 2154 autem
789 2087 896 2154 indice
918 2079 1005 2155 recte
1025 2089 1178 2172 scriptum
1203 2094 1251 2154 est
1274 2092 1425 2171 Γομίυου.

274 2190 402 2259 Deinde
414 2210 498 2256 anno
511 2192 572 2253 526
585 2190 673 2257 solus
685 2188 828 2256 Graecus
840 2195 948 2255 textus
960 2209 1138 2273 cognomen
1152 2190 1285 2257 exhibet
1297 2187 1427 2274 Fodpyo

216 2375 219 2379 p
274 2293 345 2376 (pro
368 2292 472 2375 Ruga)
495 2291 551 2376 Sp.
568 2290 702 2357 Caruilii
725 2291 875 2375 consulis,
898 2312 970 2357 oum
993 2292 1027 2357 in
1046 2291 1162 2358 Latino
1185 2293 1306 2374 gentile
1327 2313 1426 2377 appa-

273 2400 345 2460 reat
366 2414 484 2460 nomen
503 2383 684 2479 ί(λιιιιιιλίἅ1
728 2392 830 2459 Annis
854 2395 925 2477 706,
943 2395 1014 2476 708,
1031 2396 1103 2477 700,
1120 2397 1181 2457 710
1211 2400 1302 2460 terna
1329 2393 1428 2460 habet

273 2495 394 2563 Caesar
408 2496 540 2561 nomina
554 2496 587 2560 in
603 2493 772 2580 Chronico,
795 2495 923 2578 singula
936 2493 1024 2578 apud
1038 2494 1179 2560 Idatium
1194 2500 1226 2562 et
1242 2496 1313 2579 pari
1329 2494 1426 2560 modo

272 2618 357 2663 anno
381 2600 443 2662 750
473 2598 591 2680 legitur
617 2599 779 2681 Τηβερίου
802 2598 976 2680 Καίσαρος
1001 2602 1033 2661 et
1052 2587 1227 2664 ‘Caesare'.
1272 2597 1334 2662 Pro
1357 2617 1426 2663 ocr-

274 2699 474 2783 rnptissimc,
504 2696 591 2781 quod
618 2698 754 2780 praebet
774 2696 913 2778 Idatius,
942 2698 1019 2763 anni
1042 2699 1104 2762 488
1127 2698 1279 2781 collegio:
1310 2692 1426 2767 fraere

275 2807 307 2865 et
321 2799 449 2865 Pictore
464 2803 497 2864 ct
511 2789 618 2882 poeta’
644 2799 763 2864 rectius
784 2796 924 2864 reddunt
945 2800 1076 2865 nomina
1097 2800 1172 2866 fasti
1195 2799 1326 2866 Graeci:
1358 2806 1425 2864 Φυ-

273 2904 350 2982 βίου
370 2903 537 2983 Πίκτορος
558 2899 615 2963 καὶ
636 2901 731 2962 Hero
752 2903 823 2984 (pro
838 2900 956 2984 Πέρυ).
993 2900 1076 2965 Tum
1098 2901 1180 2967 falsa
1201 2901 1350 2986 leguntur
1372 2923 1425 2970 no·

273 3003 362 3068 mina
385 3002 502 3067 Latina
520 2991 663 3068 ‘Pisone'
689 3003 751 3067 485
775 3007 807 3067 et
826 2991 991 3068 ‘Pulchro'
1018 3004 1090 3085 725,
1115 3022 1188 3068 cum
1209 3023 1289 3070 uera
1310 3004 1426 3071 habeat

273 3104 446 3170 laterculus
462 3102 604 3170 Graecus
619 3106 787 3186 Πίκυορος
801 3109 899 3187 atque
913 3094 1133 3189 Ἀπουληίου,
1156 3105 1273 3172 rectius
1288 3106 1426 3190 denique

274 3206 416 3272 scribunt
443 3203 561 3273 Graeci
589 3205 664 3272 fasti
686 3209 750 3269 474
772 3208 1037 3291 Κουρουγκουίου
1071 3205 1163 3285 (Idat.
1183 3199 1425 3287 ‘Oderuntanob

275 3310 335 3370 407
359 3307 511 3381 Βένωκος
537 3297 707 3386 (‘Veneco'
731 3306 826 3386 Idae.)
861 3309 922 3371 320
944 3311 1134 3394 Καμερίυου
1160 3301 1315 3385 (Uarine³
1333 3311 1425 3388 idat.)

274 3410 337 3472 486
360 3411 578 3493 Σεμπρωνίου
602 3408 694 3486 (idat.
708 3399 923 3483 ‘Simfronic'l
946 3411 1007 3473 603
1030 3406 1248 3474 Λουκούλλου
1269 3402 1423 3487 (‘Loculo'

273 3507 370 3584 idat.)
391 3512 452 3574 565
468 3505 657 3584 Βούλσουος
671 3500 887 3586 (Vuulscone'
902 3509 997 3589 idat.)
1020 3512 1081 3575 483
1097 3508 1312 3595 Κλεψονάτου
1328 3506 1427 3590 (Ole-

273 3601 407 3694 pisnate'
421 3609 516 3687 Idat.)
533 3614 591 3676 531
614 3609 720 3676 (Dttoo
736 3602 989 3690 (‘Filone'1dat.)
1007 3614 1069 3676 428
1084 3615 1237 3695 Λίβονος
1252 3604 1423 3691 (‘Libcnio'

274 3710 369 3789 Idat.)
393 3712 453 3774 737
477 3711 620 3776 Σιλανοῦ
643 3701 925 3791 (siluatica.)
955 3715 1016 3776 762
1039 3716 1229 3795 Καμερίνου
1252 3705 1423 3793 (‘Gamer0’

274 3811 368 3889 Idat.)
391 3812 555 3895 multaque
577 3815 651 3879 alia.
707 3824 712 3831 ’

358 3913 473 3996 Neque
496 3934 551 3997 ea,
575 3935 658 3998 qnae
680 3921 753 3982 sunt
774 3914 856 3982 falso
879 3916 998 4000 scripta
1019 3917 1053 3982 in
1074 3916 1165 4005 fastis
1188 3915 1331 4004 Graecis,
1354 3924 1429 3986 sunt

275 4013 457 4099 eiusmodi,
480 4021 515 4081 nt
530 4023 601 4083 orta
616 4036 686 4085 esse
710 4037 751 4083 ex
766 4018 881 4084 Latino
904 4019 1056 4103 exemplo
1077 4021 1236 4104 possimus
1255 4021 1427 4089 affirmare.
