3108 4902
286 324 347 382 246
709 321 849 379 conradus
867 320 1007 377 (tisberim

287 496 350 563 iam
373 516 491 581 operae
512 493 638 562 uidetur
658 495 794 579 pretium
816 494 991 580 explorare,
1013 490 1158 576 quisnam
1182 493 1240 560 ille
1264 491 1359 560 fuerit
1382 514 1425 561 re·

287 597 398 665 dactor
408 597 613 683 Capitolinus.
642 597 832 678 Priusquam
854 585 962 662 tamen
975 593 1018 662 ad
1032 595 1136 679 ipsam
1150 594 1321 678 adgrediar
1336 616 1428 682 qnae·

286 700 431 782 ationem,
452 698 572 782 paucis,
596 697 674 782 quid
695 698 737 765 de
758 697 888 764 consilio
910 703 1008 779 atquc
1028 716 1146 781 genere
1166 697 1321 765 fastorum
1337 698 1425 783 (lapi-

287 801 456 868 tolinorum
477 800 622 883 sentiam,
644 799 767 866 iuuabit
788 819 945 866 enarrare.

372 904 450 970 Post
470 902 633 987 egregiam
653 900 842 969 Mommseni
863 900 1128 986 disputationem,
1150 922 1232 987 quae
1253 902 1427 970 continetur

288 1007 388 1073 altero
411 1006 572 1072 uolumine
594 1004 700 1090 operis
721 1003 864 1088 inscripti
883 999 989 1066 ‘Bora
1006 996 1144 1068 Ferret?
1162 1024 1194 1089 p.
1210 1007 1345 1087 58-85,
1369 1025 1429 1071 non

287 1107 351 1173 iam
366 1113 473 1192 potest
493 1107 640 1189 dubitari,
664 1107 739 1189 quin
761 1125 841 1188 quos
863 1105 1018 1173 babemus
1033 1126 1224 1173 marmorum
1239 1105 1429 1190 Capitolino-

287 1229 358 1275 rum
384 1210 485 1275 fastos
513 1209 713 1291 consulares,
743 1208 835 1274 incisi
862 1208 925 1275 sint
951 1208 1032 1274 inter
1053 1228 1152 1275 annos
1175 1208 1261 1276 urbis
1284 1208 1431 1277 conditae

287 1314 349 1375 718
366 1317 398 1377 et
413 1315 485 1377 724.
514 1313 628 1396 Neque
649 1318 757 1377 tamen
775 1316 938 1377 auctorum
953 1317 1095 1377 ueterum
1110 1312 1193 1378 ullus
1208 1310 1249 1377 de
1264 1313 1430 1378 exstructis

287 1411 352 1477 illis
374 1412 547 1496 quidquam
568 1412 665 1479 refert
687 1431 790 1494 neque
812 1411 939 1478 omniuo
962 1412 1079 1478 mentio
1100 1411 1137 1478 fit
1158 1432 1267 1480 eorum
1289 1412 1429 1480 inlibris

287 1515 455 1583 historicis.
506 1514 599 1593 Quod
627 1535 665 1581 eo
693 1513 795 1597 magis
824 1512 949 1580 uidetur
984 1512 1178 1597 mirandum,
1213 1534 1285 1580 cum
1317 1513 1432 1582 tuerint

290 1617 466 1684 collocatae
487 1617 618 1683 tabulae
638 1616 672 1681 in
692 1615 867 1701 parietibus
889 1614 998 1697 regiae
1013 1613 1057 1680 ad
1071 1614 1173 1682 forum
1188 1615 1270 1683 sitae
1284 1617 1356 1683 loco
1371 1617 1429 1683 tre·

289 1720 504 1803 quentissimo,
534 1718 588 1785 nbi
610 1738 673 1785 nou
694 1717 853 1803 potuerint
874 1716 974 1784 latere
995 1716 1140 1785 homines
1161 1719 1313 1785 curiosos.
1349 1720 1432 1786 Turn

289 1823 345 1887 uix
360 1828 432 1888 sunt
453 1821 585 1906 putandi
600 1820 684 1903 fasti,
707 1840 778 1885 cum
793 1819 891 1885 multo
906 1819 1050 1903 pleniora
1065 1820 1254 1886 exhiberent
1268 1822 1432 1887 consulum

288 1926 418 1992 nomina
445 1944 540 2007 quam
569 1923 685 2006 reliqui
713 1922 849 2006 indices,
878 1928 944 1988 tam
966 1922 1065 1988 fuisse
1086 1922 1186 2007 ignoti
1208 1929 1264 1989 aut
1284 1922 1432 2007 neglecti,

290 2033 325 2094 ut
346 2028 442 2112 plane
463 2026 710 2110 praeterirentur
731 2025 857 2092 silentio
879 2045 900 2090 a
921 2024 1135 2107 scriptoribus.
1179 2026 1291 2108 Neque
1316 2048 1432 2097 nomen

290 2128 377 2194 illins
391 2147 520 2212 prorsus
535 2128 638 2210 potuit
652 2126 749 2209 sileri,
764 2127 819 2210 qui
833 2125 1009 2211 composuit
1021 2146 1099 2211 opus
1110 2132 1177 2193 tam
1188 2125 1315 2194 doctum
1326 2130 1434 2215 specie

289 2237 386 2312 atque
407 2229 553 2312 diligens,
576 2248 615 2295 ea
637 2227 836 2313 potissimum
857 2234 973 2309 aetate,
996 2229 1085 2294 cuins
1107 2230 1206 2296 multa
1223 2231 1364 2297 norimus
1377 2252 1432 2299 no·

291 2331 378 2397 mina
399 2338 562 2397 anctorum
584 2331 676 2414 longe
691 2329 856 2397 leuiorum.
894 2330 997 2408 Quam
1011 2333 1164 2397 fastorum
1184 2330 1434 2417 capitolinorum

289 2433 484 2500 obliuionem
505 2433 597 2498 aliter
619 2432 763 2516 expediri
786 2452 885 2516 nego,
906 2433 969 2497 nisi
989 2438 1179 2517 statuamus,
1200 2455 1265 2501 non
1286 2454 1358 2501 esse
1385 2455 1433 2501 re-

289 2535 469 2602 censionem
493 2533 704 2620 Capitolinam
718 2539 786 2600 tum
800 2535 937 2619 primum
957 2535 1143 2618 institutam,
1167 2554 1238 2602 cum
1253 2537 1361 2619 regiae
1373 2537 1433 2602 ad·

289 2637 460 2720 figerentur
482 2638 621 2720 tabulae,
643 2636 701 2703 sed
723 2636 914 2722 descriptam
935 2642 1058 2702 tantum
1079 2643 1136 2703 aut
1156 2646 1337 2722 excerptam
1359 2660 1436 2708 esse

290 2740 323 2804 in
346 2738 591 2806 commodiorem
620 2737 737 2804 ciuium
758 2757 850 2804 nsum
872 2757 912 2803 ex
934 2738 1016 2803 libro
1037 2738 1145 2822 aliquo
1167 2740 1314 2806 omnibus
1334 2743 1434 2808 notis-

290 2842 387 2922 simo,
416 2846 542 2924 praeter
565 2858 660 2920 quem
680 2840 838 2905 neminem
860 2839 1011 2906 uidelicet
1031 2860 1243 2908 marmoreum
1270 2843 1351 2909 illud
1378 2864 1434 2910 ex-

290 2942 413 3026 emplar
426 2941 568 3024 laudare,
579 2961 642 3006 non
657 2941 699 3006 sit
713 2961 769 3007 our
783 2943 941 3010 miremur.
968 2943 1162 3022 Quibuscum
1177 2946 1333 3028 conuenit,
1346 2945 1435 3027 quod

289 3062 386 3127 snpra
407 3042 543 3108 uidimus
571 3063 635 3109 non
656 3043 864 3129 archetypum
887 3052 1048 3111 seruatum
1070 3064 1141 3112 esse
1162 3048 1317 3114 fastorum
1340 3046 1433 3133 (lapi-

289 3144 468 3226 tolinorum,
491 3144 611 3211 sodex
634 3146 777 3229 pleniore
799 3148 946 3231 exemplo
968 3152 1000 3213 et
1020 3152 1144 3213 nostros
1165 3167 1236 3215 esse
1257 3147 1436 3235 descriptos

290 3252 322 3312 et
344 3266 416 3329 eos,
446 3264 525 3327 quos
550 3247 685 3330 praebet
705 3247 981 3333 chronographus.
1017 3249 1188 3316 Praeterea
1208 3251 1340 3318 abunde
1362 3273 1436 3319 esse

289 3350 421 3415 haustos
442 3350 541 3414 fastos
557 3347 752 3433 Capitolinos
775 3350 835 3415 hac
858 3369 984 3434 quoque
1007 3349 1047 3417 de
1070 3370 1168 3418 causa
1189 3352 1263 3419 licet
1278 3354 1435 3438 conicere,

291 3450 377 3532 quod
397 3450 556 3517 nonnullis
578 3451 670 3516 annis
691 3452 883 3518 nerbosioris
899 3451 1059 3535 quondam
1073 3458 1180 3520 textus
1194 3461 1350 3540 apparent
1365 3475 1436 3523 ues-

289 3553 384 3637 tigia,
412 3552 564 3619 adnotata
591 3553 678 3619 bella
705 3554 851 3635 aliaeque
872 3574 923 3621 res
944 3554 1093 3622 illustres.
1152 3555 1218 3622 Sed
1246 3577 1318 3623 oum
1332 3560 1437 3625 multa

290 3675 399 3721 eorum
414 3654 639 3738 desiderentur,
662 3659 697 3721 ut
712 3656 830 3723 bellum
845 3656 1082 3740 Numantinum,
1105 3658 1224 3724 bobum
1239 3659 1343 3743 ciuile,
1366 3661 1436 3728 bel-

291 3756 357 3822 lum
378 3757 625 3824 Mithridaticum
652 3759 821 3840 omniaque
851 3759 936 3825 bella
962 3766 1037 3827 ante
1064 3766 1190 3827 sexum
1216 3761 1301 3828 urbis
1323 3782 1437 3829 saecu-

290 3859 356 3923 lum
377 3863 484 3942 gesta,
507 3879 570 3925 nou
591 3866 723 3944 possunt
747 3860 780 3927 in
801 3861 852 3926 his
873 3861 991 3928 tabulis
1013 3861 1149 3946 primum
1171 3882 1242 3930 esse
1262 3862 1438 3950 adscripta.

376 3958 420 4025 Ut
441 3980 517 4027 nero
538 3962 654 4029 librum
675 3963 774 4046 illum,
797 3961 880 4031 unde
899 3963 1057 4031 duxerunt
1071 3964 1147 4031 fasti
1161 3963 1344 4050 Capitolini,
1368 3966 1438 4032 effi·

290 4061 428 4147 ciamus,
451 4081 490 4128 ea
512 4064 654 4131 notanda
676 4085 746 4133 esse
769 4059 931 4150 existimo,
958 4067 1073 4148 quibus
1095 4066 1246 4134 differunt
1267 4088 1288 4133 a
1308 4069 1440 4153 ceteris,
