3108 4902
277 348 338 408 192
703 341 843 398 conradus
860 341 1000 403 6161666166

276 521 464 589 mendorum
487 517 595 583 indole
618 522 650 583 66
665 535 707 581 ex
721 514 962 581 scribendorum
977 514 1140 580 nominum
1155 514 1290 598 ratione,
1315 517 1426 598 quales

276 627 310 690 in
338 630 472 705 utroque
493 619 648 685 laterculo
670 624 836 703 apparent.
882 617 926 684 Ut
947 618 1136 702 saepissime
1157 636 1216 699 pro
1239 616 1356 682 Latina
1377 619 1427 685 lit·

277 726 389 793 teraV
411 725 444 788 in
466 723 557 788 fastis
579 720 736 786 Idatianis
758 720 906 785 scribitur
929 720 1036 785 littera
1050 719 1087 803 B,
1111 737 1174 801 qua
1198 718 1316 786 Graeci
1338 721 1427 786 illam

278 830 383 896 solent
403 824 556 907 reddere3
579 824 626 888 sic
647 823 766 906 legitur
786 820 875 905 apud
894 820 1032 886 Idalium
1048 840 1131 887 anno
1147 823 1210 884 264
1230 813 1370 888 ‘Flabio'
1396 830 1429 888 et

279 934 337 996 361
360 918 487 994 ‘Flabo'
512 946 571 1010 pro
587 926 705 1008 Flau03
725 914 891 991 ‘Publilio'
918 943 976 1007 pro
994 923 1133 989 Puluillo
1157 926 1325 1008 247,.277,
1350 927 1428 1008 297;

275 1020 458 1098 ‘Bibulano'
483 1048 542 1113 pro
565 1028 726 1093 Vibulano
749 1028 827 1108 2873
848 1016 957 1091 ‘Albo’
982 1045 1040 1109 pro
1056 1025 1138 1091 Elua
1161 1027 1240 1108 2913
1260 1019 1425 1094 ‘Galbino’

278 1153 336 1219 pro
365 1132 500 1199 Galuino
524 1132 602 1213 426,
626 1131 704 1210 422,
728 1128 806 1211 433,
837 1117 981 1192 ‘Albino'
1007 1147 1065 1210 666
1094 1127 1216 1192 Aruina
1244 1129 1322 1210 448,
1350 1130 1428 1211 466;

275 1225 438 1302 ‘Faberio'
458 1253 516 1317 pro
528 1223 704 1298 ‘Sauerrio'
725 1233 803 1312 4503
822 1221 1035 1296 ‘Abentinesi’
1049 1250 1108 1313 pro
1125 1229 1334 1295 Auentinensi
1351 1236 1428 1314 4513

274 1326 487 1420 ‘Laebymno'
504 1339 566 1397 474
589 1340 621 1399 66
640 1323 811 1417 ‘Lebyino'
832 1336 967 1416 544666
983 1331 1143 1414 Laeuin03
1163 1322 1346 1398 ‘Soaebola'
1365 1336 1432 1396 579-

279 1447 311 1506 66
330 1426 545 1503 ‘Sinerebula'
571 1438 632 1500 637
662 1455 721 1519 666
752 1434 927 1516 Scaeuola3
957 1424 1119 1500 ‘Octabio’
1146 1435 1208 1497 589
1232 1436 1344 1500 66667
1368 1455 1427 1518 666

280 1540 432 1619 0666616;
460 1527 632 1603 ‘Buleatio'
659 1538 720 1600 688
747 1556 806 1618 666
827 1536 991 1616 Vulcati03
1018 1526 1181 1601 ‘Balbino'
1209 1538 1267 1599 701
1293 1541 1325 1601 et
1342 1529 1428 1602 ‘Gal-

278 1631 366 1707 bino'
394 1643 455 1703 714
485 1658 543 1721 666
567 1637 718 1721 9616166,
745 1628 913 1704 ‘Gorbilio'
940 1641 1001 1701 722
1028 1658 1088 1721 pro
1118 1637 1267 1704 Goruino.
1312 1637 1430 1705 Contra

278 1743 426 1808 litteraB
447 1740 536 1825 apud
554 1740 692 1806 Idatium
714 1760 953 1822 nonnumquam
971 1740 1149 1823 deprauata
1171 1747 1220 1807 est
1241 1742 1275 1805 in
1297 1741 1327 1805 V
1348 1742 1429 1807 litte·

278 1865 347 1910 ram
370 1863 418 1925 66,
441 1850 476 1908 66
498 1848 585 1927 6666,
609 1842 650 1908 de
673 1862 779 1924 66666,
804 1843 880 1925 quia
902 1843 1008 1909 scriba
1029 1847 1135 1909 textus
1157 1842 1264 1908 Latini
1287 1843 1430 1908 insonte

278 1944 403 2012 Graeco
419 1946 527 2009 littera
544 1945 601 2009 illa
615 1944 763 2009 Latinam
779 1944 809 2009 V
830 1943 924 2008 reddi
946 1944 1008 2009 sibi
1026 1945 1185 2027 persuasit
1197 1946 1229 2027 ¹),
1251 1942 1337 2010 unde
1360 1950 1430 2009 sunt

279 2054 349 2115 6666
368 2036 502 2113 ‘Uulbo'
521 2066 579 2130 pro
595 2045 740 2111 Bubulco
757 2048 836 2128 4633
857 2036 987 2111 ‘Volbo’
1006 2065 1064 2129 pro
1078 2045 1183 2111 Bulbo
1200 2049 1277 2128 5193
1298 2035 1425 2111 ‘Gaba'

278 2168 337 2231 pro
353 2147 459 2214 Galba
474 2150 536 2211 543
552 2154 584 2213 66
600 2148 671 2210 616.
701 2147 763 2212 Pro
779 2147 894 2212 Latina
909 2152 1016 2213 autem
1031 2147 1136 2212 uocali
1151 2146 1191 2229 U,
1215 2148 1291 2229 quia
1306 2145 1429 2213 Graece

279 2250 428 2316 scribitur
443 2244 505 2309 ΟΥ
529 2250 658 2332 6666166
680 2248 798 2331 legitur
819 2250 852 2312 in
875 2250 1029 2316 laterculo
1051 2248 1198 2315 ldatiano
1215 2248 1259 2330 0;
1282 2249 1430 2333 exempla

278 2351 406 2437 profero
435 2351 566 2416 nomina
594 2349 690 2416 haec:
726 2342 972 2434 ‘Maloginense’
998 2354 1060 2415 269
1084 2356 1116 2416 66
1137 2352 1215 2432 295,
1242 2341 1425 2417 ‘Vibolano’

280 2455 359 2535 3333
385 2443 558 2518 ‘Fundolo'
585 2456 663 2535 5113
688 2443 819 2519 ‘Volbo’
846 2443 1066 2537 5193‘Rogo'
1093 2455 1172 2536 5203
1200 2443 1347 2518 ‘Loculo'
1372 2472 1429 2534 pro

227 2544 230 2551 ’
277 2545 436 2621 ‘Lucullo'
456 2556 533 2637 6023
553 2545 694 2621 ‘Bibolo'
710 2557 782 2620 695.
816 2556 899 2621 Tum
921 2575 1019 2638 saepe
1041 2556 1176 2621 1666666
1197 2553 1430 2620 confunduntur
1544 2542 1545 2557 ¹

279 2655 320 2719 ab
343 2656 446 2720 Idatio
470 2656 596 2722 litterae
618 2657 648 2722 A
671 2662 767 2740 atque
789 2656 832 2740 L,
861 2657 1011 2721 nimirum
1032 2663 1164 2740 propter
1188 2654 1429 2721 similitudinem
1543 2716 1544 2755 i

280 2755 475 2822 Graecarum
490 2758 666 2823 litterarum
677 2758 709 2818 Α
721 2766 753 2825 66
764 2757 811 2840 Λ;
834 2765 877 2841 66,
895 2778 977 2840 quae
992 2759 1056 2824 iam
1072 2759 1193 2841 notaui,
1213 2752 1429 2819 ΡΟΥΑΛΟΥ

278 2878 338 2941 666
367 2853 584 2922 ΡΟΥΛΛΟΥ
609 2864 672 2924 444
700 2867 732 2927 66
759 2857 919 2921 ΑΛΛΟΥ
948 2881 1007 2944 666
1028 2856 1188 2923 senor
1212 2862 1275 2924 392
1298 2865 1331 2925 66
1352 2862 1429 2941 412,

279 2965 377 3041 atque
392 2959 477 3026 idem
493 2980 580 3028 error
595 2961 704 3029 subest
715 2962 892 3045 deprauato
907 2964 1028 3028 nomini
1041 2956 1132 3028 ‘Mal
1187 3006 1428 3078 ΛΑΝΑΤΟΥ

278 3053 335 3127 lio'
361 3082 419 3145 pro
445 3054 593 3129 ‘Lanato'
619 3084 702 3131 anno
725 3068 804 3147 315,
833 3066 889 3131 6161
917 3066 1042 3131 litterae
1068 3061 1131 3124 ΛΑ
1193 3107 1429 3184 ΜΑΛΛΙΟΥ

278 3164 395 3247 66616
417 3171 491 3230 sunt
512 3163 652 3231 habitae.
691 3165 839 3234 Confusis
854 3168 937 3234 inter
959 3188 993 3234 66
1015 3168 1130 3235 litteris

281 3262 307 3324 N
331 3284 370 3331 ac
393 3262 434 3326 ΛΙ
465 3266 666 3353 factasunt,
697 3288 780 3351 6666
809 3276 937 3336 exstant
963 3291 1047 3336 anno
1071 3272 1132 3333 722
1163 3264 1369 3331 ΚΟΡΒΙΛΙου
1399 3271 1431 3331 66
1540 3316 1541 3337 t

277 3358 445 3434 ‘Gorbilio'
460 3388 519 3453 pro
536 3367 745 3455 ΚΟΡΒΙΝ66;
768 3393 864 3456 66666
883 3363 1061 3439 ‘Melitene'
1081 3375 1142 3438 323
1164 3392 1223 3455 666
1242 3358 1429 3452 ‘Mentore',

278 3474 389 3534 natum
412 3490 454 3535 ex
478 3468 747 3535 ΜΕΛΙΤΩΝΟΟ
768 3495 827 3559 666
850 3470 1127 3555 ΜΘΝΤΩΝΟΟὲξ

364 3587 522 3656 Graecam
545 3590 662 3659 deinde
685 3594 842 3677 originem
864 3614 942 3679 prae
965 3615 1000 3660 se
1022 3596 1084 3660 fert
1101 3584 1427 3685 nomen‘Aesculino'

280 3692 342 3754 276
364 3711 423 3775 666
443 3684 651 3778 ‘Esquilino',
674 3714 748 3760 nam
770 3696 894 3762 Graece
917 3694 982 3769 QV
1004 3696 1152 3763 scribitur
1176 3692 1242 3761 ΚΥ.

279 3845 482 3854 ———-.

367 3927 390 3991 1)
408 3924 512 3980 Eadem
529 3927 635 3981 ratione
652 3927 723 3983 16166
739 3929 849 3999 scripsit
866 3930 944 3984 aunis
961 3933 1020 3996 434,
1039 3935 1098 3995 531,
1112 3936 1170 3996 549,
1184 3922 1363 3986 5341116666>
1382 3947 1432 3999 pro

280 4007 392 4064 Philone
403 4015 452 4064 aut
463 4010 549 4076 Philo,
569 4012 633 4080 quia
649 4012 694 4067 hic
711 4029 818 4081 quoque
835 4019 867 4068 66
884 4014 1041 4083 saepissime
1058 4016 1176 4070 litteram
1194 4011 1215 4076 Φ
1233 4016 1341 4086 putauit
1357 4015 1432 4085 posi·
1536 4010 1537 4013 ’

278 4098 335 4148 tam
353 4110 413 4149 esse
429 4111 480 4165 666
497 4096 598 4151 Latina
614 4096 705 4153 littera
718 4099 750 4154 F.
