3108 4902
426 315 468 372 De
484 314 562 372 lastis
579 312 765 371 consularibus
782 312 980 382 antiquissimis.
1211 311 1272 375 253

134 493 254 559 blatrat
275 490 296 557 l.
316 491 336 556 l.
365 494 456 574 putat
485 486 549 554 diei
576 484 753 570 triumphos
781 503 885 568 neque
918 486 1020 556 babeo
1054 492 1138 573 quod
1166 500 1275 561 contra

134 594 218 661 hanc
238 592 299 659 uiri
319 589 494 660 doctissimi
521 589 680 674 proferam
707 588 904 656 sententiam.
948 590 1019 671 Qua
1043 599 1175 680 accepta
1195 597 1273 664 alte.

134 716 202 763 ram
216 714 287 762 esse
307 693 478 779 epitomum
492 689 717 775 propriamque
731 709 772 757 ex
786 690 884 758 Attici
897 693 1005 759 annali
1025 703 1137 779 postea
1158 700 1275 767 laetam

136 796 258 865 indices
280 794 487 880 triumphales
503 792 707 878 Capitolinos,
729 792 930 860 statuendum
954 799 1002 862 est
1024 802 1056 864 et
1078 799 1276 883 explicantur

135 902 269 968 sortasse
290 898 352 966 bac
373 897 496 963 ratione
517 894 699 961 discrimina
713 893 880 980 quaedam,
903 915 986 978 quae
1006 897 1088 964 inter
1108 905 1275 988 utrumque

137 1002 323 1069 laterculum
345 995 543 1066 intercedunt
555 994 589 1082 ¹).
622 997 735 1078 ltaque
756 996 807 1064 his
822 1015 947 1080 quoque
968 1002 1145 1069 consentire
1166 1003 1273 1072 uiden·

136 1111 186 1173 tur
207 1104 282 1173 lasti
304 1100 477 1188 Capitulini
498 1119 570 1169 cum
591 1100 699 1167 annali
719 1098 828 1167 Attici.

221 1205 332 1274 Latius
352 1211 459 1273 autem
479 1209 590 1290 patere
612 1202 832 1285 cognationem
853 1202 1005 1274 fastorum
1028 1204 1277 1290 Capitolinorum

134 1310 272 1394 librique
294 1307 504 1392 Pomponiani
526 1305 620 1373 certis
642 1306 836 1389 argumentis
857 1305 1011 1391 probabo.

222 1411 375 1477 Extrema
395 1409 515 1477 liberae
536 1406 731 1491 reipublicae
752 1411 858 1475 aetate
879 1407 971 1475 multi
990 1408 1143 1493 originem
1163 1411 1277 1479 famili-

136 1532 227 1581 arum
253 1530 379 1579 suarum
401 1511 519 1577 referre
541 1507 688 1576 solebant
708 1505 751 1574 asi
772 1509 875 1575 claros
897 1510 1187 1593 antiquissimorum
1208 1533 1275 1581 sae-

136 1615 279 1681 culorum
300 1612 394 1697 uiros,
416 1609 582 1693 adneges,
605 1609 648 1675 ad
661 1610 791 1677 Aeneae
812 1610 915 1679 socios
929 1614 1103 1700 Troianos3
1126 1614 1168 1683 ad
1190 1615 1278 1701 deos,

136 1721 172 1782 ut
207 1714 391 1799 progeniem
425 1730 496 1779 sese
528 1711 684 1795 putabant
720 1712 844 1779 Numae
875 1713 1025 1800 Pompilii
1050 1716 1134 1800 regis
1166 1723 1277 1801 gentes

138 1815 277 1884 Aemilia
298 1814 471 1900 Calpurnia
492 1813 667 1898 Pomponia
688 1812 855 1899 Pompilia,
877 1813 959 1882 Anci
973 1816 1182 1901 Maroiigens
1196 1819 1278 1886 Mar·

139 1921 205 2002 cia,
227 1917 288 1985 Iuli
309 1916 368 1983 filii
389 1917 519 1984 Aeneae
541 1933 620 1997 gens
640 1914 732 1981 Iulia.
780 1915 890 2001 Aliae,
912 1917 1059 2001 plebeiae
1079 1919 1278 2004 potissimum

135 2019 287 2105 familiae,
310 2037 393 2102 quae
413 2037 485 2086 sero
508 2022 796 2085 commemorantur
819 2018 852 2084 in
873 2017 965 2086 fastis
980 2025 1012 2087 et
1027 2040 1047 2086 a
1063 2021 1278 2108 scriptoribus,

136 2123 289 2207 originem
321 2140 413 2188 snam
444 2119 625 2187 referebant
656 2117 699 2186 ad
731 2119 935 2201 cognomines
972 2121 1056 2190 tertii
1089 2129 1144 2190 aut
1176 2126 1279 2207 quarti

109 2224 258 2292 :saeculi
278 2223 422 2290 homines
443 2221 607 2307 patricios,
630 2226 664 2288 ut
684 2222 781 2289 Mucii
803 2223 1008 2291 amatissimo
1030 2225 1202 2310 Scaeuola,
1225 2229 1293 2309 qul,

134 2328 331 2394 Porsennam
345 2325 451 2390 suerat
470 2340 686 2407 percussurus,
708 2323 858 2391 amundus
879 2344 950 2392 sese
969 2327 1153 2411 gloriantur,
1177 2329 1280 2396 Cassii

134 2423 273 2512 Longini
293 2447 314 2492 a
335 2425 389 2510 Sp.
406 2424 516 2491 Cassio
535 2423 708 2492 Vecellinu.
744 2425 819 2490 Pari
840 2425 935 2493 modo
958 2427 1003 2509 ei,
1032 2447 1111 2511 quos
1133 2430 1280 2499 nouimus

134 2529 281 2616 plebeios
313 2525 459 2594 consules
484 2523 561 2592 inde
588 2546 609 2591 a
638 2525 746 2608 quinto
775 2525 863 2592 urbis
896 2527 1040 2610 saeculo,
1075 2530 1157 2598 Iunii
1190 2533 1280 2599 Bruti

135 2638 297 2700 auctorem
318 2628 461 2695 familiae
482 2646 560 2694 suae
581 2627 701 2693 iactant
721 2628 758 2693 L.
778 2626 904 2693 lunium
926 2629 1074 2714 Brutum,
1097 2651 1117 2698 a
1140 2652 1202 2717 quo
1225 2652 1280 2700 ex·

135 2735 245 2818 pulsos
266 2750 359 2816 reges
381 2730 647 2811 constitutamque
669 2728 850 2797 libertatem
871 2731 981 2816 populi
995 2732 1130 2801 Romani
1150 2735 1281 2805 fabulae

136 2855 176 2902 ac
198 2838 312 2921 poetae
326 2831 506 2900 narrabant.
533 2831 626 2910 Quod
648 2850 719 2899 cum
741 2853 812 2900 esse
834 2852 943 2900 uerum
964 2853 1022 2902 suo
1036 2835 1105 2903 iure
1126 2844 1282 2922 negarent
1363 2903 1367 2912 ,

136 2942 169 3004 et
197 2942 321 3004 ueteres
348 2933 493 3002 nonnulli
520 2931 569 3018 (ut
591 2933 719 3000 Cassius
740 2935 803 3001 Dio
826 2940 933 3019 44,12
960 2943 1057 3018 atque
1080 2938 1112 3004 ot
1134 2937 1175 3003 τὰ
1194 2935 1280 3004 Ῥω-

135 3044 245 3122 μαίων
268 3035 463 3125 σαφέστατα
487 3027 678 3122 ἒξητακότες
699 3035 794 3101 Dion.
817 3041 846 3120 5,
869 3037 921 3120 18)
946 3044 978 3104 et
998 3038 1189 3107 recentiores
1210 3043 1278 3126 plu·

136 3140 224 3224 rimi,
253 3140 329 3207 inde
356 3158 483 3223 quoque
510 3136 618 3204 fictum
645 3137 860 3221 cognoscitur,
888 3138 974 3222 quod
994 3158 1123 3225 prorsus
1145 3139 1280 3210 diuersis

224 3311 248 3372 1)
265 3305 454 3375 Triumphales
474 3304 582 3360 tabulas
600 3317 670 3359 anno
688 3307 738 3359 742
755 3321 783 3360 u.
798 3320 821 3360 c.
839 3303 940 3359 incisus
957 3321 1017 3361 esse
1034 3321 1096 3362 aum
1112 3306 1280 3365 Mommssno

136 3390 225 3460 (Ram.
234 3389 347 3446 For-sub.
359 3390 387 3444 11
403 3406 430 3460 p.
441 3393 484 3456 ts)
495 3392 570 3445 recte
581 3389 793 3445 demonstratum
805 3404 901 3446 censeo
914 3391 949 3445 ab
961 3390 1140 3455 Hirschfeldlu
1155 3391 1281 3457 (Hermes

135 3477 177 3533 IX
195 3477 222 3531 et
238 3475 296 3542 XI).
330 3475 442 3531 Praeter
458 3474 607 3530 litterarum
624 3473 752 3542 formam,
775 3489 828 3544 qua
844 3477 879 3530 ab
897 3475 949 3530 alio
968 3491 1028 3531 csse
1044 3476 1194 3547 insculptos
1211 3479 1279 3550 lapi-

136 3560 198 3619 cida
215 3559 403 3629 triumphales,
420 3560 454 3619 ab
472 3560 526 3616 alio
545 3561 700 3615 consulares
716 3560 803 3615 fastos
820 3560 989 3630 intellegitur,
1011 3561 1039 3616 in
1056 3562 1204 3619 minoribus
1222 3565 1281 3634 qui·

133 3646 250 3704 busdam
267 3645 349 3700 rebus
365 3644 436 3700 inter
452 3660 483 3700 se
500 3643 641 3714 differunt3
664 3645 697 3700 L.
715 3645 829 3702 Anicius
846 3646 879 3702 L.
896 3645 917 3701 f.
937 3646 1030 3701 Gallus
1048 3646 1076 3701 in
1094 3649 1283 3706 consularibus

31 3730 36 3737 '
135 3733 215 3789 lastis
233 3730 330 3787 dicitur
344 3727 388 3784 ‘L.
406 3723 444 3784 n.'
461 3744 533 3785 anno
552 3732 610 3795 594,
627 3728 656 3783 iu
673 3729 882 3798 triumphalibus
895 3724 946 3785 (Μ.
962 3723 999 3785 n.'
1017 3734 1079 3801 5873
1098 3731 1128 3788 P.
1146 3733 1283 3790 Licinium·

136 3817 266 3874 crassum
283 3814 459 3883 triumphales
476 3814 585 3870 tabulae
597 3828 668 3868 anno
684 3817 733 3869 661
751 3815 902 3869 nominant:
916 3809 967 3874 ΫΜ.
982 3815 1003 3870 f.
1016 3816 1047 3871 P.
1059 3808 1106 3883 m',
1124 3819 1281 3877 consulares

135 3917 208 3958 anno
221 3905 270 3956 665
283 3893 328 3956 ‘L.
338 3899 358 3955 f.
368 3898 399 3954 P.
410 3892 456 3955 n.’.
483 3899 553 3954 Tum
569 3898 634 3954 fasti
652 3900 806 3954 consulares
818 3915 904 3968 usque
916 3899 1039 3956 scribunt
1051 3894 1201 3972 ‘Aimilios',
1219 3922 1280 3961 cum

134 3988 165 4043 in
182 3986 389 4058 triumphalibus
402 3983 469 4040 actis
484 3984 526 4041 bis
544 3985 630 4051 (aunis
643 3987 692 4040 443
704 3987 731 4040 et
743 3987 803 4053 639)
819 3985 923 4054 legatur
937 3979 1098 4045 ‘Aemilius':
1118 3988 1153 4046 ci.
1166 3989 1280 4045 Momm-

135 4087 186 4144 sen
204 4072 270 4129 0.1.
284 4072 317 4129 L.
335 4071 349 4127 I
365 4088 393 4143 p.
404 4073 462 4126 623.

1026 4162 1077 4216 17*
