3108 4902
295 325 357 385 234
713 326 854 383 Comedus
872 328 1012 384 Cichom'us

294 520 323 565 5.
340 520 367 566 5.
390 500 424 564 15
444 498 627 565 nominibus
643 499 851 566 Pobliliorum
872 501 1070 567 tribunorum
1091 502 1315 568 consularium.
1354 499 1441 580 Quo-

294 624 365 669 rum
386 602 531 682 alterum,
553 599 696 684 Lucium,
719 601 839 683 Liuius,
862 608 988 669 secutus
1010 602 1152 669 Macrum
1174 608 1209 668 ut
1223 603 1360 687 uidetur,
1383 624 1441 669 no-

295 706 408 771 minat:
441 693 810 782 ί1151555(55551)’5555
833 706 904 787 355,
926 704 1020 770 alteri
1042 710 1150 770 autem
1173 704 1334 788 Voleroni‚
1364 707 1442 771 anni

295 807 357 870 356
379 805 514 889 tribuno,
537 825 601 870 non
622 803 777 871 adscribit
798 825 983 888 cognomen.
1021 805 1124 884 Quam
1148 807 1188 872 ob
1212 826 1342 873 cansam
1364 808 1442 874 fasti

294 906 467 992 Capitolini
487 906 698 990 posteriorem
720 906 850 990 quidem
871 927 935 973 uno
957 906 1103 974 Philonis
1125 910 1323 994 cognomine,
1353 910 1441 993 quod

294 1011 329 1076 in
346 1009 511 1076 Diodorea
531 1008 717 1075 recensione
739 1010 901 1076 exstitisse
922 1016 1010 1093 puto,
1033 1009 1201 1093 significat,
1223 1012 1363 1094 priorem
1385 1032 1441 1078 55-

294 1120 359 1179 tem
373 1118 468 1179 uocat
482 1110 649 1177 Philonem
664 1111 826 1192 Vulscnm,
848 1117 1017 1195 utramque
1033 1114 1210 1196 respiciens
1224 1113 1440 1181 traditionem.

379 1214 485 1297 Atque
513 1213 691 1280 adhibitam
719 1213 856 1279 arbitror
876 1213 976 1280 Macri
1006 1214 1138 1296 quidem
1166 1217 1384 1282 recensionem
1407 1219 1442 1282 in

293 1319 400 1402 priore
421 1322 544 1382 tantum
558 1316 712 1381 fastorum
727 1314 980 1399 Capitolinorum
994 1324 1086 1402 parte
1107 1337 1208 1401 usque
1229 1318 1273 1384 ad
1295 1320 1441 1401 quintum

293 1420 381 1486 urbis
404 1418 578 1500 sacculum,
600 1418 690 1483 cuius
713 1417 829 1482 aetatis
844 1417 877 1481 in
899 1418 1045 1501 plurimis
1059 1419 1192 1502 reliquis
1206 1420 1345 1487 fontibus
1367 1422 1440 1488 sinc

295 1520 536 1604 cognominibus
552 1520 722 1586 exstabant
744 1519 899 1613 consules.
936 1520 1019 1585 Nam
1035 1520 1111 1586 inde
1125 1522 1279 1587 nonnulla
1293 1523 1441 1606 leguntur
1540 1536 1542 1557 ¹

294 1622 383 1707 apud
397 1623 536 1689 Idatium
559 1629 591 1689 et
612 1623 646 1687 in
660 1619 819 1688 Chronico
839 1623 1037 1705 cognomina,
1061 1642 1145 1705 qnae
1159 1623 1275 1690 desunt
1296 1625 1330 1690 in
1344 1624 1439 1709 (lapi-
1540 1658 1542 1681 1

294 1726 402 1792 tolinis
430 1726 530 1807 fastis,
560 1725 683 1791 scilicet
705 1726 766 1788 440
789 1722 926 1805 Samnis,
955 1726 1017 1787 492
1040 1726 1185 1808 Albinus,
1216 1730 1274 1790 511
1300 1727 1439 1812 Longus,
1541 1752 1542 1809 5

295 1831 357 1893 520
373 1834 405 1894 55
421 1829 481 1891 526
497 1828 599 1911 Ruga,
623 1828 684 1890 528
699 1826 868 1893 Maximus.
895 1825 1029 1892 Videtur
1044 1827 1140 1910 igitur
1154 1828 1263 1894 Macro
1277 1848 1354 1896 5555
1370 1849 1441 1898 5555
1541 1824 1542 1903 ζ

294 1937 404 1998 auctor
426 1929 627 2012 Capitolinus
655 1947 719 1994 non
740 1929 803 1994 nisi
830 1934 961 2012 propter
989 1928 1238 2013 plenitudinem,
1268 1950 1333 2014 qna
1360 1933 1442 1997 anti·

277 2029 517 2117 ''quissimornm
533 2030 698 2097 consulum
713 2029 873 2096 referebat
886 2030 994 2096 Macer
1009 2032 1208 2115 cognomina,
1232 2038 1299 2097 tum
1321 2038 1439 2117 antem,

295 2155 367 2202 cum
389 2134 488 2201 ceteri
511 2151 637 2215 quoque
659 2137 805 2198 auctores
834 2133 1025 2215 cognomina
1052 2130 1242 2199 exhiberent
1264 2135 1441 2220 consulum,

294 2237 370 2303 inde
392 2237 433 2302 ab
456 2255 539 2301 anno
554 2237 616 2298 450
639 2233 715 2316 fere,
739 2233 854 2300 eadem
874 2234 1094 2300 ratione'eum
1114 2235 1282 2321 abiecisse,
1305 2258 1370 2320 qua
1387 2238 1442 2303 Li·

294 2340 366 2421 uius
384 2338 553 2419 Licinium,
578 2355 672 2419 quem
694 2336 764 2420 ipse
786 2336 819 2400 in
840 2336 945 2419 prima
967 2335 1090 2401 decade
1112 2356 1210 2421 saepe
1232 2340 1385 2424 sequitur,
1408 2341 1442 2406 in

293 2440 524 2526 posterioribus
546 2439 674 2505 omnino
695 2438 846 2521 neglegit.

379 2542 475 2608 Haud
503 2548 610 2607 tamen
637 2540 704 2607 scio
733 2541 866 2606 unalia
894 2559 1021 2621 quoque
1045 2541 1126 2623 pari,
1155 2560 1218 2623 quo
1241 2543 1443 2627 cognomina,

294 2643 389 2712 modo
413 2664 454 2711 cx
476 2643 600 2709 duabus
616 2642 752 2709 diuersis
772 2642 838 2707 illis
853 2642 1006 2708 fastorum
1021 2642 1259 2708 recensionibns
1279 2643 1341 2708 sint
1363 2630 1454 2710 con-⁴

295 2753 367 2814 suta
388 2767 409 2811 a
429 2745 597 2811 redactore
613 2743 787 2826 Capitolini
809 2744 964 2810 laterculi.
1009 2742 1114 2828 Supra
1134 2744 1219 2810 enim
1242 2764 1280 2811 eo
1301 2746 1383 2811 inter
1406 2766 1444 2812 55
1539 2794 1540 2841 ,

296 2849 480 2930 discrepare
501 2847 638 2928 exposui
658 2845 858 2911 Licinianam
880 2851 976 2927 atque
998 2845 1194 2912 Diodoream
1216 2848 1369 2913 fastorum
1392 2868 1443 2914 re·
1539 2846 1540 2855 ’

296 2950 488 3032 censionem,
512 2946 598 3032 qnod
620 2948 696 3013 anni
712 2949 774 3011 276
789 2948 924 3013 altcmm
940 2949 1102 3015 consulem
1117 2950 1284 3032 appellant
1305 2949 1351 3028 (O.
1368 2948 1443 3015 Ser-

294 3050 394 3137 gium)
425 3045 648 3138 [Esquilinum]
670 3048 792 3116 Idatius
815 3056 848 3116 et
869 3050 1053 3134 Dionysius,
1077 3049 1112 3116 O.
1128 3049 1301 3117 Seruilium
1323 3046 1443 3135 [Struc-

294 3149 396 3246 tnm?]
418 3153 579 3219 Diodorus
602 3158 635 3244 et
655 3152 777 3234 priscus
800 3172 895 3235 quem
913 3152 1024 3218 Liuius
1047 3152 1092 3217 ibi
1114 3153 1257 3235 sequitur
1278 3154 1444 3219 annalium
1538 3162 1539 3181 ¹

295 3257 447 3340 scriptor,
471 3260 581 3321 555555
597 3253 629 3317 15
644 3252 834 3338 Capitolinis
849 3253 939 3320 iustis
955 3252 1126 3319 Seruilium
1147 3253 1259 3319 referri
1280 3256 1445 3321 consulem

296 3357 501 3439 ordinarium,
526 3354 672 3438 Sergium
695 3355 870 3421 suffectum.
915 3354 996 3421 Cum
1025 3374 1102 3421 nero
1124 3356 1354 3438 antiquissimis
1377 3357 1444 3423 illis

295 3459 492 3543 temporibus
515 3457 644 3523 omnino
665 3477 730 3524 non
750 3457 849 3523 fnisse
871 3458 1075 3541 magistratus
1097 3457 1248 3524 suffectos
1278 3459 1344 3524 iam
1368 3477 1445 3525 con·
1537 3484 1538 3529 s

295 3568 366 3645 stet,
389 3582 452 3628 non
474 3564 608 3644 possunt
630 3578 701 3626 esse
723 3579 810 3644 nora,
833 3579 917 3642 qnae
932 3557 1061 3625 tradunt
1075 3579 1235 3627 marmora
1249 3559 1443 3644 Capitolina.

295 3662 398 3741 Quem
421 3682 559 3729 errorem
583 3682 621 3728 eo
644 3668 748 3728 ortum
771 3681 842 3729 esse
864 3663 1022 3742 existimo,
1047 3661 1135 3745 quod
1157 3668 1267 3728 auctor
1288 3682 1353 3728 non
1375 3662 1445 3727 ani·

295 3765 468 3830 inaduertit
489 3763 577 3828 idem
592 3764 718 3845 utrique
737 3765 916 3830 recensioni
937 3764 1068 3831 subesse
1082 3781 1209 3846 nomen,
1232 3763 1446 3847 deprecatum

295 3867 458 3932 55555515
483 3866 593 3932 altera.
637 3865 716 3932 Cum
742 3867 839 3950 igitur
862 3866 1001 3933 incertus
1025 3864 1181 3949 haereret,
1204 3866 1266 3931 utri
1288 3865 1446 3932 maiorem

295 3969 448 4035 tribueret
470 3967 549 4033 fonti
563 3966 669 4053 fidem,
693 3988 733 4035 ea
747 3969 788 4034 de
804 3989 909 4052 causa,
932 3973 967 4034 ut
984 3967 1109 4034 solebat
1123 3965 1344 4034 differentibus
1361 3968 1447 4034 inter

295 4090 330 4138 se
352 4068 609 4153 cognominibus,
640 4074 671 4134 et
693 4068 840 4153 Sergium
870 4077 901 4137 et
922 4069 1096 4137 Seruilium
1124 4068 1247 4135 rettulit
1274 4068 1447 4136 annicius
