3108 4902
277 354 338 413 188
704 352 845 408 conradus
863 350 1003 408 dichorius

277 547 405 612 quoque
435 526 588 609 temporis
617 526 772 590 memoria
801 525 1005 590 inueniuntur
1027 522 1115 607 apud
1144 528 1291 590 auctores
1313 543 1430 606 cogno·

275 631 379 711 mina,
409 648 480 694 cum
507 631 603 692 antea
632 627 761 691 omnino
784 645 878 692 nemo
902 645 941 691 ea
961 626 1106 691 uouisset
1126 624 1170 690 ad
1192 626 1338 708 quintum
1361 644 1430 692 sae·

276 734 383 797 culum
404 749 505 813 usque
529 734 561 795 et
583 727 767 812 archetypi,
798 734 834 793 ut
855 729 902 795 ita
923 728 1040 811 dicam,
1063 726 1185 793 indices
1207 728 1285 793 bina
1305 733 1429 793 tanturn

276 834 473 917 singulorum
497 831 662 897 consulum
692 829 858 917 dedissent
878 830 1024 913 nomina,
1052 829 1185 912 gentilia
1212 834 1310 912 atque
1336 849 1429 912 prae·

274 936 414 999 nomina.
457 931 549 1010 Quae
572 952 644 998 cum
666 932 712 997 ita
733 932 813 1013 sint,
839 929 927 997 haud
949 930 1030 995 mihi
1052 930 1179 996 uidetur
1201 950 1274 996 esse
1295 930 1428 997 dubium

275 1037 352 1118 quin
374 1036 439 1102 illis
461 1039 575 1118 postea
598 1033 789 1118 cognomina
811 1034 874 1099 sint
889 1032 1011 1098 addita.
1050 1030 1122 1110 Qua
1136 1037 1244 1097 tamen
1259 1032 1294 1096 id
1308 1032 1428 1098 facturn

273 1138 316 1202 sit
329 1139 464 1220 ratione,
480 1135 619 1220 quando,
642 1156 751 1219 aquo,
772 1135 990 1218 quaerendum
1006 1152 1077 1200 esse
1092 1135 1242 1201 existimo
1257 1134 1429 1217 diligenter

274 1239 465 1305 examinatis
489 1239 564 1322 illis,
588 1257 668 1320 quos
691 1244 836 1304 seruatos
859 1236 1022 1320 habemus,
1046 1237 1211 1302 consulum
1233 1237 1405 1302 laterculis.

358 1341 479 1423 Integri
502 1345 630 1406 exstant
651 1338 726 1405 fasti
749 1339 932 1405 consulares
955 1357 1110 1404 annorum
1133 1340 1195 1401 245
1217 1338 1260 1403 ad
1282 1341 1354 1421 400,
1384 1340 1426 1406 de

273 1443 389 1525 quibus
411 1442 492 1506 mihi
514 1447 564 1507 est
584 1440 755 1524 agendum,
778 1439 866 1524 apud
888 1441 992 1506 solnm
1012 1440 1141 1505 Liuium
1163 1475 1204 1484 -
1227 1441 1371 1507 inlibris
1393 1441 1427 1507 ΙΙ

272 1543 316 1608 ad
338 1543 400 1608 VH
422 1578 461 1587 -
485 1550 517 1608 et
539 1542 627 1626 apud
650 1541 937 1627 Chronographum
960 1542 1036 1608 anni
1059 1544 1140 1626 354,
1171 1543 1226 1625 qui
1255 1547 1362 1609 tamen
1382 1545 1426 1609 ad

271 1646 346 1712 illos
374 1666 491 1729 annos,
521 1645 637 1728 quibus
658 1665 718 1730 pro
742 1645 925 1710 oonsulibus
947 1644 1066 1710 tribuni
1088 1644 1245 1710 militares
1266 1646 1426 1712 consulari

271 1753 432 1831 potestate
455 1767 613 1813 summurn
634 1747 787 1812 tenebant
810 1746 995 1831 imperium,
1022 1746 1115 1812 binos
1137 1751 1261 1811 tantum
1283 1747 1427 1813 tribunos

270 1850 424 1914 nominat.
462 1850 545 1915 Tum
559 1847 728 1932 peridem
752 1847 905 1930 temporis
928 1848 1067 1930 spatium
1090 1853 1192 1913 totum
1215 1849 1363 1915 consules
1387 1883 1427 1893 -

270 1971 401 2036 prorsus
416 1951 573 2033 neglectis
595 1950 732 2017 tribunis
748 1948 969 2015 consularibus
991 1985 1033 1994 -
1056 1957 1243 2015 enumerant
1264 1943 1339 2015 fasti
1352 1949 1426 2016 Ida*

271 2053 351 2117 tiani
364 2054 386 2129 ¹)
409 2058 441 2117 et
462 2051 635 2117 laterculus
659 2051 825 2143 consulum
851 2051 885 2114 in
908 2048 1068 2116 Chronico
1091 2050 1243 2117 Paschali
1269 2056 1424 2118 seruatus.

271 2152 447 2236 Dionysius
469 2172 529 2236 per
551 2153 695 2235 singulos
710 2173 810 2218 annos
826 2153 970 2218 nominat
985 2154 1132 2219 consules
1150 2153 1183 2217 in
1198 2153 1290 2220 libris
1305 2153 1427 2219 V-XI

271 2273 373 2337 usque
401 2253 444 2319 ad
473 2273 591 2319 annum
614 2274 644 2319 u.
660 2274 687 2319 c.
704 2255 764 2317 311
789 2259 886 2337 atque
908 2253 984 2320 inde
1007 2254 1049 2318 ab
1071 2275 1155 2320 anno
1178 2257 1239 2320 268
1263 2255 1425 2323 Diodorus

271 2355 384 2421 ordine
398 2355 497 2421 refert
511 2355 676 2421 consulum
690 2356 820 2420 nomina
835 2354 878 2421 ad
892 2375 1010 2421 annum
1025 2358 1096 2420 452.
1135 2354 1390 2440 Capitolinorum
1402 2358 1425 2434 ²)

271 2456 410 2539 denique
438 2456 592 2523 fastorum
621 2455 664 2521 ad
692 2454 776 2522 hanc
805 2462 945 2522 aetatem
973 2457 1168 2539 pertinentia
1189 2463 1318 2523 exstant
1339 2456 1424 2540 frag·

270 2565 378 2624 menta
393 2560 515 2624 maiora
531 2564 563 2624 et
578 2559 711 2641 minora,
735 2558 850 2640 quibus
872 2563 1048 2623 tractantur
1062 2559 1139 2623 anni
1153 2578 1183 2623 u.
1199 2579 1226 2624 c.
1243 2560 1284 2621 27
1289 2560 1423 2641 1-282‚

269 2661 449 2743 nee—304,
466 2661 645 2742 332-340,
666 2661 844 2740 345-360,
865 2660 1044 2741 361-364,
1068 2661 1251 2742 379-396;
1274 2659 1316 2724 ad
1340 2680 1424 2743 quae

270 2758 427 2824 accedunt
442 2761 562 2843 exigua
577 2759 738 2842 quaedam
753 2760 907 2825 fastorum
921 2759 1162 2844 triumphalium
1175 2761 1320 2845 frustula,
1339 2782 1424 2845 quae

268 2859 440 2927 tribuenda
467 2866 541 2926 sunt
568 2862 660 2928 annis
684 2863 882 2945 tto-neo,
906 2862 1103 2945 268-286,
1128 2864 1206 2946 292,
1230 2865 1423 2947 tet-317,

269 2963 476 3038 393—425.³)

356 3164 380 3229 1)
396 3161 497 3219 Festos
514 3167 597 3217 antea
610 3166 723 3217 uocatos
735 3160 873 3231 Hispanos
884 3161 973 3217 Idotio
992 3175 1052 3216 esse
1068 3161 1246 3217 uindicandos
1263 3167 1328 3231 post
1344 3178 1423 3232 prae·

270 3246 371 3302 claram
389 3246 551 3301 Mommseni
567 3245 779 3315 disputationem
796 3246 887 3315 (dorp.
900 3246 987 3301 Inscr.
1000 3245 1090 3301 Latl
1105 3261 1133 3314 p.
1143 3249 1204 3313 484)
1220 3261 1277 3315 qua
1288 3246 1421 3302 Sirmondi

268 3334 296 3385 et
313 3331 450 3398 Ducangii
466 3332 566 3401 probat
583 3330 753 3396 sententiam,
770 3346 850 3386 nemo
867 3334 960 3399 potest
976 3344 1084 3398 negare.

353 3420 378 3483 2)
396 3415 557 3484 Ubicunque
574 3431 608 3470 ex
624 3415 703 3471 fastis
722 3415 882 3484 Capitolinis
905 3415 1009 3484 aliquid
1030 3414 1182 3485 proferam,
1206 3419 1233 3469 et
1251 3416 1421 3471 collationem

266 3500 374 3554 illorum
392 3515 490 3568 sequor
506 3514 524 3554 a
540 3515 582 3554 me
599 3514 672 3555 anno
692 3503 757 3554 1885
776 3499 879 3553 Romae
896 3500 1046 3554 institutam
1064 3503 1091 3554 et
1109 3504 1205 3569 ectypa
1223 3500 1366 3555 chartacea
1383 3501 1422 3554 ibi

266 3585 351 3641 facta.
380 3586 430 3652 Ea,
448 3587 477 3640 in
489 3585 587 3655 quibus
599 3599 660 3639 mea
671 3585 752 3640 lectio
766 3584 903 3654 discrepat
920 3600 981 3638 cum
999 3587 1087 3649 textu,
1105 3585 1192 3652 qualis
1209 3584 1238 3638 in
1254 3585 1341 3654 primo
1353 3584 1420 3640 dor-

241 3738 244 3743 ,
265 3670 341 3739 poris
359 3671 495 3725 uolumine
515 3670 621 3740 legitur,
644 3670 673 3724 in
690 3684 763 3724 noua
780 3669 924 3725 uoluminis
941 3670 1012 3724 illius
1029 3669 1148 3725 editione
1169 3684 1233 3724 mox
1255 3669 1422 3724 instituenda

266 3754 456 3822 respiciantur,
476 3762 585 3825 recepta
602 3754 769 3824 benignitate
786 3755 909 3810 Henneni
926 3760 1008 3824 atque
1024 3754 1146 3809 Httlseni.

352 3841 377 3904 3)
396 3838 551 3893 Oassiodori
561 3839 648 3895 fastos
662 3841 819 3896 consulares
832 3855 865 3894 ex
874 3840 953 3895 Liuio
966 3844 1108 3908 excerptos
1121 3839 1224 3903 omitto,
1238 3854 1301 3893 cum
1311 3837 1421 3893 nomina

265 3938 321 3976 non
333 3937 366 3976 ea
379 3938 433 3990 qua
448 3925 550 3995 scripta
568 3929 646 3980 erant
660 3925 734 3995 apud
746 3925 854 3980 Liuium
871 3926 959 3981 forma
977 3924 1100 3992 reddant,
1119 3923 1166 3978 sed
1185 3924 1346 3990 cognomina
1363 3924 1421 3993 ple·

265 4022 379 4077 rumque
397 4009 533 4075 omittant,
552 4010 598 4064 ubi
615 4009 711 4065 Liuius
729 4026 762 4065 ea
778 4011 875 4078 refert3
898 4009 933 4064 of.
952 4009 1103 4065 Mommsen
1120 4009 1200 4063 Rom.
1214 4006 1312 4063 Clzron.
1331 4025 1359 4076 p.
1372 4011 1419 4061 113

264 4092 327 4147 adn.
337 4095 395 4146 204.
