3108 4902
436 317 477 372 De
494 317 574 374 fastis
592 315 780 374 consularibus
796 315 998 388 antiquissimis.
1229 316 1288 378 177

144 494 215 579 ipse
236 491 353 563 Iordan
374 490 503 575 quidem
529 487 571 577 [p.
584 485 656 576 124)
684 494 791 573 potest
811 492 958 572 negaret,
988 486 1156 556 Fusiorum
1177 507 1291 556 reuera

144 592 303 680 usquead
318 594 461 676 quintum
482 594 551 660 iere
572 592 660 659 urbis
683 590 831 658 ronditae
853 590 1016 658 saeoulum
1037 590 1155 658 inerint
1176 592 1210 656 16
1230 610 1291 659 666

144 703 178 764 et
197 697 273 763 isati
294 696 492 779 eonsulares,
520 695 641 780 quippe
664 693 834 777 inquibus
856 692 904 759 sio
931 693 1051 775 soripta
1077 692 1206 761 nomina
1233 694 1291 761 illa

143 802 336 883 appareant,
366 796 431 863 iam
452 803 566 880 quarto
593 796 722 863 saeoulo
751 795 931 861 exstiterint
958 793 1072 861 11116616
1101 795 1289 879 consignati.

144 901 257 968 Utrum
276 904 383 965 autem
404 903 478 983 post
499 898 609 965 urbem
630 896 769 964 aGallis
791 902 919 980 oaptam
942 895 1071 964 domum
1092 897 1206 964 litteris
1228 900 1292 964 sint

96 1037 105 1047 ·
143 1001 301 1085 mandati,
331 1021 373 1066 an
401 1001 465 1066 iam
487 1006 582 1067 antea
603 1000 737 1084 singulis
759 1000 851 1067 anuis
873 1000 1025 1065 inunum
1054 999 1171 1066 fuerint
1197 1000 1290 1066 relati

145 1122 276 1187 eorpus,
309 1102 404 1168 oertis
432 1102 627 1186 argumentis
655 1100 713 1169 uix
744 1107 851 1186 potest
879 1099 1066 1184 nuntiasti,
1100 1118 1292 1184 quamquam

144 1205 295 1290 equidem
316 1202 369 1270 uel
391 1203 507 1288 prioris
529 1204 644 1271 aetatis
666 1238 708 1251 -
729 1208 857 1288 praeter
878 1202 1041 1270 fabulosos
1059 1221 1214 1268 annornm
1229 1205 1291 1267 245

144 1307 189 1373 ad
210 1308 273 1371 248
296 1306 442 1373 66666166
463 1339 506 1351 -
527 1306 627 1373 fastos
652 1304 758 1371 redire
784 1303 828 1370 ad
854 1303 998 1372 eiusdem
1026 1304 1179 1389 temporis
1207 1323 1291 1370 oom-

143 1408 319 1476 mentarios
334 1406 409 1474 iude
424 1407 539 1490 efficio,
563 1406 650 1491 quod
671 1408 754 1473 inter
774 1405 860 1473 tertii
882 1407 1003 1474 saeculi
1025 1406 1171 1474 eonsules
1192 1424 1291 1490 appa-

144 1515 216 1577 rent
238 1513 349 1592 gentes
371 1508 545 1592 quaedam,
574 1527 657 1592 quae
678 1513 793 1592 postea
813 1508 943 1575 omnino
964 1526 1121 1592 nusquam
1145 1508 1293 1591 leguntur

144 1613 180 1676 in
201 1609 292 1674 fastis
319 1614 416 1691 atque
444 1609 509 1675 iam
536 1609 609 1691 ipsa
635 1609 741 1691 prisea
761 1609 819 1675 illa
839 1615 946 1676 aetate
967 1610 1116 1677 uidentur
1138 1629 1209 1677 6666
1237 1627 1293 1675 ex·

145 1712 297 1792 61166166,
321 1728 455 1792 quarum
475 1716 583 1776 tamen
604 1710 735 1777 nomina
754 1729 819 1776 non
840 1717 973 1794 possunt
994 1730 1065 1779 esse
1085 1710 1168 1779 fieta
1212 1712 1294 1779 Sunt

145 1818 269 1880 autem:
302 1811 637 1896 Α166611(666.300),
665 1810 799 1878 Curiatii
829 1814 906 1890 (eos.
925 1814 997 1896 301,
1024 1811 1187 1878 decemuir
1209 1815 1293 1899 303),

145 1914 305 1982 Herminii
325 1914 403 1990 (eos.
419 1915 481 1977 248
497 1918 530 1980 et
545 1915 629 1997 306),
650 1912 792 1980 Numieii
814 1916 890 1989 (eos.
902 1915 986 1997 285),
1009 1913 1115 1980 Laroii
1130 1915 1206 1992 (uos.
1220 1916 1293 1998 248,

145 2018 219 2101 264,
235 2016 307 2099 253,
323 2017 414 2098 256),
442 2015 573 2082 Romilii
597 2019 673 2095 (666.
689 2017 769 2098 290,
792 2013 956 2082 deoemuir
977 2014 1070 2096 303),
1097 2012 1195 2081 Sestii
1218 2017 1293 2093 (eos.

146 2121 218 2201 302,
233 2117 399 2185 decemuir
413 2118 498 2202 303),
515 2118 674 2201 Tarquitii
688 2118 783 2200 (mag.
796 2135 867 2200 equ.
880 2117 965 2199 206),
985 2115 1105 2200 Tarpei
1121 2120 1196 2196 (sos.
1210 2118 1293 2199 300),

145 2221 246 2287 Tullii
268 2221 343 2297 (eos.
359 2220 444 2302 254),
466 2219 629 2286 Volumnii
652 2223 727 2299 (eoa
744 2220 864 2302 203)1),
886 2218 953 2285 alii.
1344 2244 1348 2248 ·

231 2321 347 2404 Neque
367 2327 476 2387 tamen
497 2320 586 2387 aredi
605 2326 712 2405 potest
732 2321 831 2388 fastos
852 2322 910 2386 illa
930 2321 1041 2405 forma,
1064 2339 1128 2404 qua
1141 2340 1224 2387 nuno
1238 2338 1294 2387 666

146 2424 285 2507 legimus
306 2419 395 2505 apud
416 2426 561 2488 auctores
582 2422 726 2503 Liuium,
756 2412 965 2505 Dionysium,
993 2421 1171 2491 Diodorum
1197 2429 1295 2506 atque

146 2528 182 2592 16
195 2524 387 2609 Capitolinis
401 2523 604 2606 potissimum
618 2522 736 2589 tabulis
757 2524 822 2588 iam
844 2523 886 2588 ab
908 2523 1000 2588 initio
1021 2524 1120 2590 fuisse
1137 2525 1294 2608 perscrip-

145 2633 214 2711 tos,
248 2625 307 2693 sed
336 2643 419 2708 qnae
447 2625 481 2690 in
510 2624 740 2708 antiquissimis
772 2624 863 2691 tastis
896 2622 1129 2690 exhibebantur
1156 2626 1295 2708 nomina,
1426 2658 1429 2665 ·

146 2733 262 2813 postea
288 2725 438 2793 uidentur
464 2744 536 2794 essa
564 2725 759 2810 amplifioata
787 2730 820 2792 et
846 2731 1022 2795 exornata:
1054 2727 1094 2792 61.
1120 2726 1296 2795 Mommsen

147 2828 242 2891 Rom.
258 2826 389 2890 Forsalz.
410 2828 428 2893 I
448 2849 479 2911 p.
496 2830 537 2891 48
560 2834 592 2894 et
611 2832 662 2910 57,
695 2827 839 2895 Libbert
864 2827 915 2893 De
935 2826 1022 2894 Liuii
1049 2828 1120 2895 libr.
1136 2827 1182 2896 IV
1202 2830 1294 2896 fonti·

146 2932 324 3015 busp.14.
420 2985 423 2991 .
568 2964 570 2971 ⁴
726 2981 729 2987 .
827 2980 829 2983 .
947 2936 996 2951 ⁶

152 3091 156 3098 .
230 3031 472 3099 ⁴Demonstrauit
498 3031 584 3097 enim
605 3030 782 3097 Mommsen
803 3030 880 3114 1.1.‚
908 3029 1082 3114 praeeipue
1109 3049 1152 3098 ex
1179 3031 1296 3118 lapidiss

146 3136 208 3202 bus
231 3135 383 3217 seruatis,
412 3151 590 3216 eognomen
615 3133 649 3197 in
670 3130 849 3199 seribendis
870 3131 1054 3200 nominibus
1074 3151 1146 3200 saro
1169 3131 1297 3201 domum

147 3235 324 3302 obtinuisse
348 3235 455 3301 looum
476 3252 580 3316 neque
608 3233 805 3317 adscriptum
835 3252 991 3318 apparere
1020 3233 1054 3299 16
1083 3237 1295 3303 monumentis

148 3336 303 3424 publiois,
332 3336 611 3403 senatusoonsultis
634 3354 662 3402 6.
678 3354 705 3401 6.
728 3340 803 3402 ante
824 3354 943 3401 annum
965 3339 1027 3401 650
1049 3356 1079 3402 6.
1096 3356 1140 3421 6.,
1165 3355 1237 3402 oum
1263 3338 1295 3402 16

149 3437 251 3505 titulis
272 3437 422 3520 66166116,
451 3438 606 3520 nummis,
637 3437 752 3521 elogiis
776 3437 886 3521 quinto
908 3437 976 3504 iere
997 3438 1126 3505 6666616
1149 3436 1296 3504 uideatur

150 3538 230 3608 addi
250 3538 404 3620 66661666.
448 3537 539 3617 Quae
560 3540 622 3606 uiri
644 3539 892 3625 praeolarissimi
919 3540 1101 3607 obseruatio
1123 3539 1196 3607 allis
1218 3560 1296 3623 quo·

150 3661 223 3726 qne,
246 3647 281 3707 ut
303 3639 453 3723 equidem
473 3642 619 3725 arbitror,
642 3640 845 3709 confirmatur
865 3641 1070 3725 argumentis.

239 3897 263 3959 1)
280 3891 333 3960 Qui
349 3890 402 3945 luit
420 3890 515 3946 oonsul
531 3889 608 3944 annis
625 3894 676 3944 441
689 3893 716 3944 at
727 3895 777 3945 458
793 3890 826 3946 L.
839 3889 999 3946 Volumnius
1017 3889 1046 3946 0.
1059 3889 1078 3945 1.
1092 3889 1121 3947 0.
1134 3907 1160 3947 n.
1174 3890 1296 3948 Flamma

69 4024 72 4032 ,
153 3975 275 4046 violens,
300 3977 381 4032 homo
398 3979 439 4032 est
455 3973 595 4030 habendus
612 3973 734 4044 plebeius
751 3974 797 4042 (61.
815 3974 877 4031 liu.
888 3979 929 4040 10,
938 3977 981 4043 23)
997 3989 1086 4046 noque
1102 3991 1163 4032 uum
1179 3977 1295 4046 patricio

100 4100 108 4115 ..
153 4062 217 4117 armi
234 4065 283 4118 203
300 4061 410 4118 consule
426 4059 576 4131 6666111616
591 4062 637 4117 ast
652 4060 822 4118 ooniunatna.
